"date","price_usd","amount_usd"
2010-07-17 23:09:17,0.04951,20
2010-07-18 03:43:06,0.05941,50.01
2010-07-18 17:48:56,0.0808,5
2010-07-18 21:44:11,0.08585,10
2010-07-18 22:00:26,0.08584,5
2010-07-18 22:00:36,0.08584,5
2010-07-19 03:53:04,0.0909,5
2010-07-19 16:24:13,0.09307,80
2010-07-19 17:03:33,0.08911,100
2010-07-19 17:07:58,0.08752,100
2010-07-19 17:12:27,0.09109,90
2010-07-19 20:44:16,0.08416,20
2010-07-19 20:55:25,0.07921,100
2010-07-19 20:56:29,0.07921,10
2010-07-19 20:57:00,0.07723,20
2010-07-19 21:02:17,0.0808,49
2010-07-20 02:36:22,0.08181,100
2010-07-20 03:54:28,0.0818,12
2010-07-20 12:48:55,0.08119,4
2010-07-20 12:50:34,0.07921,10
2010-07-20 14:37:28,0.07822,10
2010-07-20 14:39:09,0.07723,10
2010-07-20 15:01:54,0.07624,10
2010-07-20 17:08:05,0.07723,10
2010-07-20 17:09:38,0.07723,10
2010-07-20 17:09:48,0.07723,20
2010-07-20 20:09:44,0.07426,4.5
2010-07-20 20:38:13,0.07426,10
2010-07-20 20:41:49,0.07426,45.5
2010-07-20 21:24:20,0.07472,3
2010-07-20 21:28:39,0.07472,1
2010-07-20 21:29:15,0.07474,1
2010-07-20 21:29:58,0.07474,1
2010-07-21 02:27:48,0.07425,60
2010-07-21 02:30:30,0.07327,10
2010-07-21 02:41:25,0.07228,10
2010-07-21 02:41:43,0.07129,10
2010-07-21 14:11:25,0.0703,10
2010-07-21 14:45:07,0.06931,10
2010-07-21 14:56:53,0.06832,10
2010-07-21 18:58:28,0.06733,10
2010-07-21 19:26:49,0.06634,10
2010-07-21 19:35:59,0.06634,70
2010-07-21 23:02:15,0.073795,210
2010-07-21 23:04:10,0.077265,20
2010-07-21 23:04:43,0.07878,5
2010-07-21 23:33:31,0.07921,10
2010-07-21 23:53:43,0.07921,20
2010-07-21 23:53:53,0.07921,20
2010-07-21 23:54:04,0.07921,20
2010-07-21 23:54:07,0.07921,20
2010-07-21 23:54:11,0.07921,20
2010-07-21 23:54:14,0.07921,20
2010-07-22 00:16:29,0.07921,65
2010-07-22 00:50:55,0.07979,5
2010-07-22 00:51:05,0.0808,25
2010-07-22 00:51:18,0.08181,5
2010-07-22 04:20:49,0.07878,30
2010-07-22 04:21:10,0.07878,3
2010-07-22 09:28:47,0.06931,100
2010-07-22 09:53:32,0.06535,10
2010-07-22 09:53:57,0.06436,55
2010-07-22 09:54:08,0.06337,10
2010-07-22 09:54:17,0.06238,10
2010-07-22 09:54:21,0.06139,10
2010-07-22 10:43:48,0.06138,605
2010-07-22 10:59:14,0.06436,10
2010-07-22 15:14:36,0.06436,10
2010-07-22 15:14:49,0.06436,1
2010-07-22 15:15:25,0.06436,1
2010-07-22 15:15:28,0.06436,1
2010-07-22 15:15:41,0.06436,1
2010-07-22 15:15:57,0.06436,1
2010-07-22 15:18:23,0.06337,100
2010-07-22 15:33:51,0.06238,1
2010-07-22 15:33:53,0.06238,1
2010-07-22 15:33:54,0.06238,1
2010-07-22 15:33:55,0.06238,1
2010-07-22 15:33:56,0.06238,1
2010-07-22 15:33:57,0.06238,1
2010-07-22 15:33:58,0.06238,1
2010-07-22 15:34:04,0.06238,1
2010-07-22 15:34:05,0.06238,1
2010-07-22 15:34:06,0.06238,1
2010-07-22 15:34:13,0.06139,1
2010-07-22 15:34:15,0.06139,1
2010-07-22 15:34:16,0.06139,1
2010-07-22 15:34:17,0.06139,1
2010-07-22 15:34:18,0.06139,1
2010-07-22 15:34:19,0.06139,1
2010-07-22 15:34:20,0.06139,1
2010-07-22 15:34:21,0.06139,1
2010-07-22 15:34:22,0.06139,1
2010-07-22 15:34:23,0.06139,1
2010-07-22 15:34:24,0.0604,1
2010-07-22 15:34:26,0.0604,1
2010-07-22 15:34:27,0.0604,1
2010-07-22 15:34:28,0.0604,1
2010-07-22 15:34:29,0.0604,1
2010-07-22 15:34:30,0.0604,1
2010-07-22 15:34:31,0.0604,1
2010-07-22 15:34:32,0.0604,1
2010-07-22 15:34:33,0.0604,1
2010-07-22 15:34:34,0.0604,1
2010-07-22 15:34:36,0.05941,2
2010-07-22 15:34:37,0.05941,1
2010-07-22 15:34:39,0.05941,2
2010-07-22 15:34:40,0.05941,1
2010-07-22 15:34:41,0.05941,1
2010-07-22 15:34:42,0.05941,1
2010-07-22 15:34:43,0.05941,1
2010-07-22 15:34:44,0.05941,1
2010-07-22 15:34:46,0.05941,1
2010-07-22 15:34:47,0.05941,1
2010-07-22 15:34:48,0.05941,1
2010-07-22 15:34:49,0.05941,1
2010-07-22 15:34:50,0.05941,1
2010-07-22 15:34:51,0.05941,1
2010-07-22 15:34:52,0.05941,1
2010-07-22 15:34:53,0.05941,1
2010-07-22 15:35:05,0.05941,1
2010-07-22 15:35:06,0.05941,1
2010-07-22 15:35:07,0.05941,1
2010-07-22 15:35:08,0.05941,1
2010-07-22 15:35:09,0.05941,1
2010-07-22 15:35:10,0.05941,1
2010-07-22 15:35:11,0.05941,1
2010-07-22 15:35:12,0.05941,2
2010-07-22 15:35:13,0.05941,1
2010-07-22 15:35:14,0.05941,1
2010-07-22 15:35:15,0.05941,1
2010-07-22 15:35:16,0.05941,1
2010-07-22 15:35:17,0.05941,2
2010-07-22 15:35:18,0.05941,1
2010-07-22 15:35:19,0.05941,1
2010-07-22 15:35:20,0.05941,1
2010-07-22 15:35:21,0.05941,1
2010-07-22 15:35:23,0.05941,1
2010-07-22 17:38:43,0.0604,10
2010-07-22 17:39:10,0.05941,10
2010-07-22 17:39:19,0.05842,10
2010-07-22 17:39:25,0.05743,10
2010-07-22 17:39:32,0.05644,10
2010-07-22 17:39:37,0.05594,20
2010-07-22 17:39:44,0.05584,250
2010-07-22 17:39:48,0.05545,10
2010-07-22 17:39:52,0.05446,500
2010-07-22 17:46:57,0.05446,90
2010-07-22 19:18:48,0.05446,13
2010-07-22 21:48:33,0.06363,1
2010-07-22 23:55:30,0.05941,10
2010-07-22 23:56:25,0.05446,90
2010-07-23 00:13:49,0.0505,804.23
2010-07-23 00:14:09,0.0505,95.77
2010-07-23 00:15:03,0.06358,30
2010-07-23 00:15:23,0.06358,5
2010-07-23 00:15:35,0.06358,1
2010-07-23 01:53:36,0.06358,100
2010-07-23 02:19:12,0.06358,100
2010-07-23 02:19:32,0.06358,100
2010-07-23 02:20:13,0.06363,199
2010-07-23 02:20:37,0.06565,10
2010-07-23 04:03:23,0.06535,100
2010-07-23 04:20:44,0.066105,98
2010-07-23 04:21:30,0.06767,84.29
2010-07-23 04:25:48,0.06767,100
2010-07-23 07:24:50,0.06767,9
2010-07-23 11:05:25,0.06161,0.1
2010-07-23 12:38:30,0.05545,10
2010-07-23 14:23:50,0.0606,10
2010-07-23 15:55:10,0.06161,10
2010-07-23 16:03:16,0.06161,1
2010-07-23 16:21:10,0.06262,10
2010-07-23 16:42:13,0.06262,4.74
2010-07-23 18:08:19,0.06262,1.71
2010-07-23 18:46:26,0.06262,140
2010-07-23 18:58:17,0.06262,10
2010-07-23 19:14:21,0.06262,4
2010-07-23 19:35:21,0.06262,250
2010-07-23 20:13:57,0.06161,0
2010-07-23 20:37:59,0.06161,10
2010-07-23 21:32:00,0.06162,5
2010-07-23 22:29:08,0.05545,10
2010-07-23 22:29:44,0.05446,15
2010-07-23 22:29:56,0.05347,10
2010-07-23 22:30:23,0.05248,10
2010-07-23 22:30:30,0.05248,5.66
2010-07-23 22:40:31,0.06161,10
2010-07-23 22:40:41,0.06262,35
2010-07-23 22:40:49,0.06262,4
2010-07-24 00:16:14,0.06161,0.32
2010-07-24 05:53:51,0.05149,10
2010-07-24 07:06:50,0.05858,50
2010-07-24 08:26:03,0.05941,106
2010-07-24 11:55:06,0.051985,21
2010-07-24 13:08:17,0.05149,89.57
2010-07-24 13:08:29,0.0504966666666667,189.43
2010-07-24 13:08:36,0.05049,0
2010-07-24 14:03:39,0.05757,10
2010-07-24 14:04:28,0.05858,10
2010-07-24 15:49:27,0.05454,10
2010-07-25 00:59:20,0.05545,1
2010-07-25 04:29:24,0.0572333333333333,30
2010-07-25 04:33:44,0.05941,95.5
2010-07-25 16:01:58,0.05693,441
2010-07-25 16:03:10,0.05446,114.29
2010-07-25 16:49:11,0.05446,578.71
2010-07-25 19:12:32,0.05248,10
2010-07-25 19:12:46,0.05149,30
2010-07-25 19:13:03,0.05099,53
2010-07-25 19:13:23,0.0505,197
2010-07-25 19:58:58,0.0505,0.98
2010-07-26 10:53:13,0.05,1
2010-07-26 13:29:48,0.05,129
2010-07-26 19:27:31,0.052,0.96
2010-07-26 19:53:47,0.0543222222222222,600
2010-07-26 19:54:16,0.056,100
2010-07-26 19:54:33,0.056,20
2010-07-26 20:03:09,0.056,26.04
2010-07-27 04:02:38,0.0549833333333333,400
2010-07-27 04:06:12,0.058425,2013.02
2010-07-27 04:07:32,0.0605,50
2010-07-27 15:23:19,0.055,100
2010-07-27 15:39:14,0.058,10
2010-07-27 15:41:57,0.0589,100
2010-07-27 15:42:34,0.0589,100
2010-07-27 15:43:30,0.059,10
2010-07-27 15:45:00,0.0594,100
2010-07-27 15:45:17,0.0594,100
2010-07-27 15:45:29,0.0599,100
2010-07-27 15:45:43,0.0599,100
2010-07-27 15:46:13,0.06,100
2010-07-27 15:46:27,0.06,50
2010-07-27 15:46:39,0.06,30
2010-07-27 15:46:55,0.06,10
2010-07-27 15:47:01,0.06,0.67
2010-07-28 04:19:29,0.06,309
2010-07-28 04:30:27,0.0605,10.33
2010-07-28 04:31:26,0.0615,200
2010-07-28 11:21:35,0.0582,400
2010-07-28 11:21:42,0.058,551.72
2010-07-28 11:58:32,0.057,300
2010-07-28 11:58:56,0.056,200
2010-07-28 11:59:19,0.055,337.27
2010-07-28 11:59:34,0.054,211.01
2010-07-28 18:34:09,0.058,50
2010-07-28 19:07:35,0.054,10
2010-07-28 21:37:01,0.0574,160
2010-07-28 21:51:50,0.0574,260
2010-07-28 21:52:24,0.058,235
2010-07-28 22:03:10,0.058,15
2010-07-28 22:03:48,0.059,10
2010-07-28 22:04:51,0.0595,300
2010-07-28 22:05:07,0.06,500
2010-07-28 22:05:48,0.061,137
2010-07-28 22:06:23,0.062,160
2010-07-28 22:41:40,0.0589,33.96
2010-07-29 04:04:29,0.0597,230
2010-07-29 09:02:44,0.0571,37.4
2010-07-29 14:33:50,0.05789,2
2010-07-29 16:05:55,0.05789,2
2010-07-29 18:04:36,0.05789,76
2010-07-29 18:05:57,0.058,20
2010-07-29 18:06:07,0.05939,100
2010-07-29 18:06:11,0.05939,100
2010-07-29 18:06:28,0.0599,100
2010-07-29 18:06:33,0.0599,60
2010-07-29 18:06:40,0.06,1
2010-07-29 18:11:09,0.06,29
2010-07-29 18:45:53,0.0614,9.61
2010-07-29 19:44:25,0.0614,410.39
2010-07-29 20:01:02,0.0619,96
2010-07-29 20:05:40,0.05991,23.31
2010-07-29 20:14:07,0.0599,16.69
2010-07-29 20:14:26,0.0619,104
2010-07-29 20:14:31,0.062,900
2010-07-29 20:14:45,0.062,500
2010-07-29 20:19:43,0.062,305.72
2010-07-29 20:19:55,0.063105,150
2010-07-29 20:20:14,0.0635,65
2010-07-29 20:20:24,0.064,22
2010-07-29 20:20:52,0.065,216
2010-07-29 20:20:57,0.06501,200
2010-07-29 20:21:02,0.067,226.71
2010-07-29 20:21:33,0.0678,900
2010-07-29 20:21:58,0.06701,159.68
2010-07-29 20:22:01,0.06699,20
2010-07-29 20:23:43,0.05799,4.01
2010-07-29 20:28:52,0.0678,5
2010-07-29 20:31:12,0.0678,95
2010-07-29 20:31:20,0.068,100
2010-07-29 20:31:29,0.0689,16.97
2010-07-29 20:31:35,0.0699,900
2010-07-29 20:31:54,0.0699,900
2010-07-29 20:32:05,0.0699,73.24
2010-07-29 20:46:46,0.065,13
2010-07-29 20:49:52,0.069,5
2010-07-29 20:50:42,0.0699,73
2010-07-29 21:25:28,0.0699,64.37
2010-07-29 21:30:58,0.065,12
2010-07-29 21:37:12,0.0639,30
2010-07-29 21:41:31,0.0639,16
2010-07-29 21:45:55,0.06499,70
2010-07-29 23:07:05,0.0685,16
2010-07-29 23:07:45,0.0699,582.39
2010-07-30 01:24:06,0.0698,50
2010-07-30 03:55:15,0.06008,1000
2010-07-30 08:00:02,0.06,1
2010-07-30 08:00:27,0.0669,0.9
2010-07-30 10:01:41,0.06,1.09
2010-07-30 10:02:09,0.06,1.09
2010-07-30 10:12:19,0.06,1.09
2010-07-30 10:12:27,0.06,1.09
2010-07-30 10:28:43,0.0669,49.1
2010-07-30 10:29:49,0.0674,215
2010-07-30 10:30:24,0.0684,298
2010-07-30 12:33:23,0.06741,0.89
2010-07-30 15:10:31,0.061,49.11
2010-07-30 21:31:03,0.0681,20
2010-07-30 21:31:09,0.0684,42
2010-07-30 21:31:41,0.069,500
2010-07-30 21:31:55,0.069,410.49
2010-07-30 21:32:18,0.0692,50
2010-07-30 22:25:34,0.0692,100
2010-07-30 23:41:40,0.067,25
2010-07-30 23:42:40,0.06315,150
2010-07-30 23:43:46,0.0627,55
2010-07-31 03:40:28,0.065,20
2010-07-31 03:40:34,0.0621,150
2010-07-31 03:40:37,0.062,20
2010-07-31 03:40:50,0.0612,200
2010-07-31 03:41:00,0.061,118.89
2010-07-31 03:41:09,0.06,129.64
2010-07-31 03:41:19,0.0582,360
2010-07-31 03:41:35,0.0582,1.47
2010-07-31 04:07:45,0.0662,50
2010-07-31 04:07:56,0.0687,44
2010-07-31 14:49:37,0.0605,1
2010-07-31 14:53:20,0.060125,241
2010-07-31 14:54:17,0.059,340
2010-07-31 14:56:11,0.05823,419
2010-07-31 15:20:08,0.06889,20
2010-07-31 16:53:49,0.058215,85.53
2010-07-31 16:59:19,0.0582,25
2010-07-31 17:33:07,0.0577,300
2010-07-31 17:40:47,0.0582,89.47
2010-07-31 22:35:16,0.056,10
2010-07-31 22:58:49,0.06,800
2010-07-31 23:00:33,0.064,20
2010-07-31 23:12:19,0.06401,4
2010-07-31 23:18:01,0.0661666666666667,426.25
2010-07-31 23:28:14,0.064,138
2010-07-31 23:55:30,0.06785,5
2010-07-31 23:57:52,0.06785,4
2010-08-01 02:21:33,0.061,0.75
2010-08-01 02:21:53,0.0601,36
2010-08-01 02:53:41,0.06,20
2010-08-01 03:19:16,0.06,20
2010-08-01 06:26:07,0.06,75.8
2010-08-01 10:01:01,0.06,80
2010-08-01 12:03:34,0.06,804.2
2010-08-01 12:04:41,0.06009,13.25
2010-08-01 12:10:37,0.06001,5
2010-08-01 13:11:59,0.0629166666666667,500
2010-08-01 13:12:48,0.0645,500
2010-08-01 13:17:57,0.065,500
2010-08-01 17:36:41,0.0602,6
2010-08-01 23:01:31,0.0611,40
2010-08-02 03:23:01,0.0626,328
2010-08-02 05:22:00,0.062,1000
2010-08-02 05:23:08,0.0613,1000
2010-08-02 09:42:14,0.0611,166
2010-08-02 18:13:15,0.0633,80
2010-08-02 18:23:30,0.0611,5
2010-08-02 18:28:05,0.0611,20
2010-08-02 21:55:58,0.06033875,1000
2010-08-03 00:01:06,0.06,10
2010-08-03 01:49:03,0.06,30
2010-08-03 02:00:11,0.061,20
2010-08-03 02:17:51,0.06195,410
2010-08-03 05:54:08,0.062,11.13
2010-08-03 05:57:34,0.062,300
2010-08-03 09:23:05,0.06,322.33
2010-08-03 09:23:10,0.0591,90
2010-08-03 09:23:12,0.059,621.67
2010-08-03 11:41:05,0.059,178.33
2010-08-03 11:53:07,0.06,40
2010-08-03 12:02:22,0.062,100
2010-08-03 12:02:30,0.062,100
2010-08-03 12:02:32,0.062,100
2010-08-03 12:02:35,0.062,84.87
2010-08-03 12:02:59,0.0625,100
2010-08-03 12:03:25,0.0625,100
2010-08-03 12:03:29,0.0625,100
2010-08-03 12:03:32,0.0625,100
2010-08-03 12:03:35,0.0625,100
2010-08-03 12:03:39,0.0625,100
2010-08-03 12:04:17,0.0625,100
2010-08-03 12:04:20,0.0625,92.79
2010-08-03 13:07:51,0.061,20
2010-08-03 13:07:57,0.0625,207.21
2010-08-03 13:08:05,0.0633,12
2010-08-03 13:08:10,0.0635,1000
2010-08-03 13:25:09,0.06291,1000
2010-08-03 13:55:48,0.065,20
2010-08-03 14:53:33,0.06251,3
2010-08-03 14:55:39,0.06251,3
2010-08-03 14:56:12,0.06251,3
2010-08-03 18:48:25,0.06251,779
2010-08-03 20:06:38,0.06201,15.1
2010-08-03 20:07:06,0.06201,0.03
2010-08-03 20:08:57,0.061,69
2010-08-03 20:12:52,0.0605,1000
2010-08-03 21:17:35,0.0605,1000
2010-08-03 21:19:29,0.062,69
2010-08-03 21:19:51,0.0629,90
2010-08-03 21:19:57,0.063,100
2010-08-03 21:20:00,0.063,100
2010-08-03 21:20:01,0.063,100
2010-08-03 21:20:03,0.063,100
2010-08-03 21:20:04,0.063,100
2010-08-03 21:20:07,0.063,100
2010-08-03 21:20:09,0.063,100
2010-08-03 21:20:11,0.063,100
2010-08-03 21:31:33,0.061,70
2010-08-03 22:21:53,0.0601,94
2010-08-03 22:32:40,0.06,356
2010-08-04 00:39:02,0.062295,229.5
2010-08-04 01:02:04,0.0623,264.5
2010-08-04 02:02:22,0.061205,1000
2010-08-04 10:57:39,0.0601,83.36
2010-08-04 11:29:52,0.06,416.64
2010-08-04 17:04:34,0.06,646.92
2010-08-04 17:04:48,0.0591,12
2010-08-04 17:05:01,0.059,36
2010-08-04 17:05:16,0.058,20
2010-08-04 17:05:23,0.0578,182
2010-08-04 17:05:27,0.057,603.08
2010-08-05 01:24:43,0.0581,316.92
2010-08-05 01:25:09,0.058,53.24
2010-08-05 03:04:42,0.0603,10
2010-08-05 05:14:37,0.0603,5
2010-08-05 11:58:27,0.0603,1
2010-08-05 11:58:39,0.06,1
2010-08-05 13:18:14,0.06,600
2010-08-05 16:43:04,0.06,1000
2010-08-05 19:10:59,0.0603,584
2010-08-05 19:11:37,0.0604,190
2010-08-05 19:35:53,0.0608666666666667,1350
2010-08-05 19:42:26,0.0609,882.91
2010-08-05 19:42:46,0.061,20
2010-08-05 20:22:17,0.061,20
2010-08-06 04:30:56,0.062,20
2010-08-06 04:34:49,0.0624,100
2010-08-06 04:55:07,0.0624,100
2010-08-06 04:56:20,0.0624,100
2010-08-06 06:38:24,0.0624,100
2010-08-06 06:49:59,0.0624,25
2010-08-06 08:52:00,0.0624,12
2010-08-06 15:01:16,0.0619,100
2010-08-06 19:39:37,0.0614,188
2010-08-06 23:09:51,0.0607,500
2010-08-06 23:49:36,0.0614,10
2010-08-06 23:52:18,0.0619,50
2010-08-06 23:53:37,0.0623,90
2010-08-07 03:48:45,0.0608,200
2010-08-07 05:06:28,0.06079,100
2010-08-07 13:16:09,0.06079,200
2010-08-07 13:23:44,0.0622,19
2010-08-07 13:56:27,0.06081,50
2010-08-07 15:27:54,0.0609,50
2010-08-07 19:58:46,0.061,263
2010-08-07 19:59:00,0.0609,175
2010-08-07 19:59:09,0.0608,200
2010-08-07 19:59:30,0.0606,200
2010-08-07 19:59:39,0.06,21
2010-08-07 19:59:55,0.05975,141
2010-08-07 22:04:27,0.05975,15
2010-08-07 22:05:06,0.059,485
2010-08-07 22:05:54,0.059,500
2010-08-08 03:14:24,0.059,25
2010-08-08 15:07:43,0.0602,2000
2010-08-08 15:08:47,0.061,20
2010-08-08 22:24:02,0.0609,156
2010-08-09 01:01:25,0.06091,158.25
2010-08-09 01:01:31,0.0595,1000
2010-08-09 01:01:53,0.0593,841.75
2010-08-09 02:23:18,0.06125,541.94
2010-08-09 02:31:31,0.062,4.52
2010-08-09 03:18:31,0.0615,389
2010-08-09 03:22:28,0.0615,0.81
2010-08-09 03:31:43,0.0615,663.79
2010-08-09 08:54:31,0.0615,19.94
2010-08-09 08:54:45,0.062,20
2010-08-09 08:54:50,0.0624,148.71
2010-08-09 08:54:56,0.0629,922.91
2010-08-09 08:55:07,0.063,90
2010-08-09 08:55:24,0.064,145
2010-08-09 08:55:29,0.0644,500
2010-08-09 08:55:36,0.065,297.36
2010-08-09 08:55:46,0.066,265.26
2010-08-09 11:59:40,0.063,300
2010-08-09 12:20:02,0.062,10
2010-08-09 14:06:30,0.063,10
2010-08-09 14:06:34,0.065,50
2010-08-09 15:22:09,0.065,189
2010-08-09 15:43:42,0.065,500
2010-08-09 15:43:54,0.065,500
2010-08-09 15:43:57,0.065,300.23
2010-08-09 17:00:23,0.066,34.74
2010-08-09 17:00:29,0.0675,100
2010-08-09 17:00:30,0.0675,50
2010-08-09 17:00:33,0.068,33.65
2010-08-09 17:00:50,0.06887,100
2010-08-09 17:00:52,0.06887,100
2010-08-09 17:00:53,0.06887,100
2010-08-09 17:00:56,0.06887,100
2010-08-09 17:00:58,0.06887,100
2010-08-09 17:01:00,0.06887,100
2010-08-09 17:01:02,0.06887,100
2010-08-09 17:01:04,0.06887,100
2010-08-09 17:01:05,0.06887,100
2010-08-09 17:01:06,0.06887,100
2010-08-09 17:01:07,0.06887,100
2010-08-09 17:01:08,0.06887,100
2010-08-09 17:01:09,0.06887,100
2010-08-09 17:01:10,0.06887,100
2010-08-09 17:01:11,0.06887,100
2010-08-09 17:01:13,0.06887,100
2010-08-09 17:01:18,0.06887,400
2010-08-09 17:01:21,0.069,230
2010-08-09 17:01:23,0.0695,1000
2010-08-09 17:01:34,0.0695,500
2010-08-09 17:01:43,0.0695,124
2010-08-09 17:01:59,0.0699,100
2010-08-09 17:06:51,0.0646,2
2010-08-09 17:07:55,0.0646,2
2010-08-09 17:35:21,0.0715,117.25
2010-08-09 17:37:33,0.0735,15
2010-08-09 18:38:53,0.06624,705
2010-08-09 19:47:37,0.0714,46
2010-08-09 20:36:36,0.06651,1.98
2010-08-09 20:39:57,0.06651,1
2010-08-09 20:51:34,0.06651,500
2010-08-09 21:42:39,0.0707,200
2010-08-10 02:40:45,0.068,1
2010-08-10 02:42:13,0.068,1
2010-08-10 11:22:12,0.0708,7
2010-08-10 11:58:53,0.0708,134
2010-08-10 12:35:26,0.0681,100
2010-08-10 12:35:39,0.068,18
2010-08-10 12:36:49,0.0666,400
2010-08-10 12:38:00,0.06651,149.11
2010-08-10 18:02:22,0.0708,10
2010-08-10 18:02:34,0.0708,4.1
2010-08-10 19:05:00,0.0708,44.9
2010-08-10 19:05:40,0.0709,19
2010-08-10 19:11:47,0.07081,0.28
2010-08-10 20:24:49,0.0709,71
2010-08-10 22:51:07,0.0672,300
2010-08-10 23:29:58,0.06711,50
2010-08-10 23:58:32,0.07,1
2010-08-11 00:07:22,0.06,1
2010-08-11 00:16:23,0.06,1
2010-08-11 00:16:37,0.06,2
2010-08-11 00:16:42,0.06,3
2010-08-11 00:16:47,0.06,1
2010-08-11 00:17:02,0.06,1
2010-08-11 00:17:32,0.06,1
2010-08-11 00:18:35,0.07,50
2010-08-11 00:27:12,0.068,2
2010-08-11 01:16:36,0.068,49
2010-08-11 01:17:29,0.06711,1
2010-08-11 01:17:43,0.06711,2
2010-08-11 01:17:44,0.06711,3
2010-08-11 01:18:00,0.06711,5
2010-08-11 01:18:12,0.06711,140
2010-08-11 02:02:36,0.07,9
2010-08-11 02:03:12,0.070195,60
2010-08-11 02:03:56,0.0703,65
2010-08-11 10:40:21,0.069,70
2010-08-11 13:51:49,0.0691,1000
2010-08-11 14:10:42,0.069,14
2010-08-11 14:45:34,0.07029,151
2010-08-11 14:45:54,0.0703,335
2010-08-11 14:46:15,0.071,9.72
2010-08-11 14:46:49,0.0711,100.33
2010-08-11 14:47:41,0.07148,771.68
2010-08-11 15:28:47,0.06865,50
2010-08-11 15:42:16,0.0684,100
2010-08-11 15:53:33,0.06839,200
2010-08-11 15:58:14,0.07,64.99
2010-08-11 16:40:17,0.07,36.01
2010-08-11 16:40:48,0.0714,100
2010-08-11 16:47:12,0.0714,200
2010-08-11 16:47:17,0.071494,1644.09
2010-08-11 16:47:36,0.072,50
2010-08-11 16:47:41,0.07248,116.12
2010-08-11 17:02:19,0.07248,699.88
2010-08-11 17:02:22,0.073,320.01
2010-08-11 17:02:35,0.0735,189.75
2010-08-11 17:02:38,0.07479,500
2010-08-11 17:08:36,0.07494,240
2010-08-11 17:14:10,0.07491,2
2010-08-11 17:14:35,0.07491,2
2010-08-11 17:14:52,0.07491,1.74
2010-08-11 17:15:15,0.07,2
2010-08-11 17:22:46,0.073,2
2010-08-11 17:22:57,0.07489,0.26
2010-08-11 17:23:23,0.07494,1170
2010-08-11 17:24:13,0.075,190
2010-08-11 17:25:17,0.07541,400
2010-08-11 17:25:33,0.07541,150
2010-08-11 17:29:34,0.07541,2250
2010-08-11 17:35:08,0.0751,2
2010-08-11 17:48:32,0.0751,1.73
2010-08-11 17:50:37,0.07001,1506.27
2010-08-11 18:58:15,0.0711,37
2010-08-11 18:58:39,0.071,2
2010-08-11 18:58:57,0.0701,50
2010-08-11 18:59:53,0.07,857.71
2010-08-11 20:00:31,0.069,66.52
2010-08-11 21:53:10,0.067,9.37
2010-08-12 01:55:18,0.068,40
2010-08-12 05:56:08,0.067,20.31
2010-08-12 07:48:52,0.067,10.32
2010-08-12 07:49:11,0.06624,1000
2010-08-12 07:49:30,0.06624,10.32
2010-08-12 07:49:42,0.06624,9.32
2010-08-12 07:50:10,0.06624,275.36
2010-08-12 07:50:22,0.0649,73.5
2010-08-12 07:50:35,0.0648,189.5
2010-08-12 07:50:50,0.063,150
2010-08-12 07:51:02,0.06141,281.68
2010-08-12 21:28:35,0.0665,1
2010-08-12 22:20:53,0.07,1
2010-08-13 05:37:59,0.0665,147
2010-08-13 05:38:11,0.066,15
2010-08-13 05:38:15,0.065,638
2010-08-13 13:36:20,0.0679,86.77
2010-08-13 13:39:00,0.068,14
2010-08-13 19:26:39,0.0652,1000
2010-08-13 19:34:50,0.065,300
2010-08-13 20:37:58,0.0651,15
2010-08-13 20:38:20,0.065,185
2010-08-13 20:38:37,0.06509,1
2010-08-13 21:44:55,0.065,366.38
2010-08-13 21:49:51,0.0645,200
2010-08-13 21:51:01,0.06499,33.62
2010-08-13 22:40:49,0.0645,590
2010-08-14 09:20:09,0.0655,45
2010-08-14 12:58:22,0.0655,1
2010-08-14 15:18:05,0.06475,35.08
2010-08-14 15:51:35,0.0655,154
2010-08-14 15:51:40,0.066,200
2010-08-14 15:51:43,0.067,40
2010-08-14 15:57:01,0.0673,400
2010-08-14 15:58:32,0.0675,1000
2010-08-14 16:06:03,0.0685,100
2010-08-14 16:06:08,0.06879,50
2010-08-14 16:06:12,0.069,5.2
2010-08-14 16:06:15,0.0695,100
2010-08-14 16:06:19,0.0695,49
2010-08-14 16:13:42,0.069,300
2010-08-14 20:03:40,0.06587,924.92
2010-08-14 20:42:48,0.067,1000
2010-08-15 01:09:21,0.067,1000
2010-08-15 19:01:21,0.0667,155
2010-08-15 19:26:48,0.06644,414.7
2010-08-15 19:28:38,0.066,571.061
2010-08-15 19:33:43,0.06579,400
2010-08-15 19:34:51,0.06579,1000
2010-08-15 19:35:17,0.06579,92
2010-08-15 19:36:09,0.0655,150
2010-08-15 19:45:16,0.06526,5
2010-08-15 19:45:43,0.06526,300
2010-08-15 19:45:50,0.06526,300
2010-08-15 19:53:33,0.06526,2
2010-08-15 21:09:20,0.06529,5
2010-08-15 21:51:50,0.06529,10.106
2010-08-15 22:22:26,0.06529,9.799
2010-08-15 23:47:02,0.065,1
2010-08-15 23:47:37,0.065,4
2010-08-15 23:56:29,0.06529,9
2010-08-15 23:57:56,0.06529,9
2010-08-15 23:58:20,0.06529,7.6
2010-08-15 23:58:41,0.06529,17.6
2010-08-16 02:52:53,0.06319,83.2
2010-08-16 03:04:08,0.06529,547
2010-08-16 03:10:01,0.06529,0.001
2010-08-16 03:17:46,0.0678,70
2010-08-16 04:11:37,0.0652,2.7
2010-08-16 04:28:11,0.066,23
2010-08-16 04:28:14,0.067,40
2010-08-16 04:28:18,0.0678,120
2010-08-16 04:30:08,0.0679,264
2010-08-16 05:01:19,0.0676,75
2010-08-16 09:36:02,0.066,50
2010-08-16 09:56:31,0.066,221.667
2010-08-16 09:56:50,0.0652,161
2010-08-16 09:57:13,0.065,165
2010-08-16 09:59:16,0.063,236.03
2010-08-16 14:53:53,0.06337,52
2010-08-16 16:41:31,0.062475,400
2010-08-16 17:21:55,0.0668,1000
2010-08-16 18:17:35,0.0639,1000
2010-08-16 18:17:44,0.064,1000
2010-08-16 18:58:24,0.0644,2.26
2010-08-16 19:32:50,0.0644,500
2010-08-16 19:32:52,0.0644,500
2010-08-16 19:32:54,0.0644,500
2010-08-16 19:32:56,0.0644,500
2010-08-16 19:32:58,0.0644,500
2010-08-16 19:33:00,0.0644,497.74
2010-08-16 19:33:07,0.0645,500
2010-08-16 19:33:12,0.0645,218
2010-08-16 19:33:19,0.0669,161
2010-08-16 19:33:53,0.067,100
2010-08-16 19:33:55,0.067,100
2010-08-16 19:33:57,0.067,100
2010-08-16 19:45:56,0.0655,300
2010-08-16 20:58:01,0.0655,6.87
2010-08-16 21:48:23,0.06549,693.13
2010-08-16 21:49:31,0.0665,35
2010-08-16 23:19:55,0.0655,6.87
2010-08-17 00:29:52,0.0655,29.16
2010-08-17 00:42:01,0.0655,0.001
2010-08-17 05:01:55,0.0653,135
2010-08-17 05:23:11,0.0653,500
2010-08-17 05:23:15,0.0653,365
2010-08-17 05:23:20,0.0654,148
2010-08-17 05:47:25,0.065,100
2010-08-17 09:46:29,0.063,100
2010-08-17 10:41:05,0.064,100
2010-08-17 10:41:29,0.065,67.938
2010-08-17 14:51:09,0.06243,78
2010-08-17 17:04:11,0.065,32.062
2010-08-17 17:04:31,0.066,204
2010-08-17 17:04:50,0.0662,167.94
2010-08-17 17:05:02,0.0664666666666667,365.25
2010-08-17 17:05:16,0.067,970.84
2010-08-17 17:05:37,0.067,399.999
2010-08-17 17:14:21,0.0679,736
2010-08-17 17:14:35,0.068,712.6
2010-08-17 17:14:50,0.0685,100
2010-08-17 17:16:43,0.0689,100
2010-08-17 17:16:50,0.069,275
2010-08-17 17:16:58,0.06939,241.377
2010-08-17 17:34:36,0.06939,1061.623
2010-08-17 17:34:42,0.0699925,1646.42
2010-08-17 17:34:58,0.07009,1000
2010-08-17 17:37:56,0.07009,400
2010-08-17 17:42:26,0.07009,143.27
2010-08-17 17:42:29,0.071,205.7
2010-08-17 17:42:37,0.072,110
2010-08-17 17:42:58,0.0725,10
2010-08-17 17:43:19,0.0729,50
2010-08-17 17:44:16,0.073,171.99
2010-08-17 17:44:34,0.0735,100
2010-08-17 17:44:49,0.074,50
2010-08-17 17:45:11,0.07545,900
2010-08-17 17:45:44,0.0769,250
2010-08-17 18:03:20,0.07,2
2010-08-17 18:49:03,0.0656,50
2010-08-17 21:13:38,0.0717125,1102
2010-08-17 23:26:59,0.07,4.57
2010-08-18 05:00:58,0.06999,222.53
2010-08-18 05:01:06,0.0733,100
2010-08-18 05:01:18,0.0733,15
2010-08-18 10:56:08,0.0733,128
2010-08-18 14:50:05,0.07001,0.143
2010-08-18 17:22:45,0.069,129.098
2010-08-18 17:45:35,0.06899,170
2010-08-18 19:07:58,0.0675,1
2010-08-18 20:37:48,0.0675,140
2010-08-18 20:48:44,0.0681,20
2010-08-18 20:49:03,0.0688,1372.645
2010-08-18 22:09:21,0.067,2.04
2010-08-18 22:17:48,0.067,97.96
2010-08-18 23:38:42,0.068,419
2010-08-18 23:38:59,0.068,0.559
2010-08-18 23:43:13,0.068,136
2010-08-19 04:11:08,0.0677,118.12
2010-08-19 13:14:17,0.0676,400
2010-08-19 15:11:47,0.0676,100
2010-08-19 15:12:12,0.0675,22.995
2010-08-19 23:33:03,0.0667,100
2010-08-20 03:44:29,0.0667,45
2010-08-20 03:45:06,0.0661,150
2010-08-20 06:09:44,0.06601,500
2010-08-20 06:36:46,0.06601,1
2010-08-20 06:37:02,0.06601,1
2010-08-20 06:37:26,0.06601,18
2010-08-20 10:23:05,0.066,16
2010-08-20 15:10:56,0.066,2149.998
2010-08-20 15:48:29,0.066,200
2010-08-20 17:52:19,0.066,226.32
2010-08-20 19:40:42,0.0655,24.275
2010-08-20 19:41:30,0.065,180.725
2010-08-20 19:49:20,0.065,646.429
2010-08-20 22:29:54,0.06639,40
2010-08-20 23:40:05,0.0655,1
2010-08-21 00:46:13,0.0655,249
2010-08-21 00:48:12,0.0645,1
2010-08-21 05:08:58,0.06475,55
2010-08-21 05:09:27,0.0645,945
2010-08-21 06:16:28,0.0645,51.6
2010-08-21 12:43:00,0.065995,721.26
2010-08-21 12:49:31,0.0661,1000
2010-08-21 12:55:55,0.0661,50
2010-08-21 13:32:35,0.0644,1
2010-08-21 13:41:43,0.0662,20
2010-08-21 13:45:12,0.0663,100
2010-08-21 17:30:47,0.0667,3000
2010-08-21 20:04:08,0.0661,450
2010-08-21 20:29:14,0.0661,50
2010-08-21 20:42:10,0.066,50
2010-08-21 21:04:14,0.0651,1950
2010-08-21 22:48:36,0.06505,250
2010-08-21 23:07:39,0.0664,1500
2010-08-22 00:20:04,0.065,839
2010-08-22 00:20:23,0.0645,200
2010-08-22 00:20:32,0.0644,500
2010-08-22 00:20:42,0.0644,461
2010-08-22 00:24:20,0.0664,52.703
2010-08-22 00:28:43,0.06402,2077.38
2010-08-22 00:51:28,0.06348,1
2010-08-22 00:51:48,0.06348,1411
2010-08-22 01:26:35,0.063,10
2010-08-22 01:26:45,0.0629,35
2010-08-22 02:55:39,0.0622,2700
2010-08-22 08:16:46,0.0634,50
2010-08-22 08:18:22,0.0635,460
2010-08-22 08:20:40,0.06341,23.971
2010-08-22 08:48:31,0.06339,26.029
2010-08-22 08:51:21,0.0635,3462.62
2010-08-22 09:09:24,0.065,0.031
2010-08-22 09:45:57,0.06351,1
2010-08-22 09:46:56,0.06351,1
2010-08-22 10:01:48,0.064,1
2010-08-22 11:06:09,0.064,99
2010-08-22 11:28:23,0.06201,200
2010-08-22 12:03:47,0.0632,400
2010-08-22 12:27:27,0.0632,300
2010-08-22 12:36:07,0.0632,500
2010-08-22 12:40:35,0.0632,100
2010-08-22 12:52:37,0.0635,1.024
2010-08-22 12:52:41,0.0635,1.024
2010-08-22 12:52:44,0.0635,0.976
2010-08-22 13:05:29,0.0632,1.029
2010-08-22 13:05:38,0.0632,1.029
2010-08-22 13:05:40,0.0632,1.029
2010-08-22 13:05:44,0.0632,1.029
2010-08-22 13:05:47,0.0632,1.029
2010-08-22 13:05:50,0.0632,1.029
2010-08-22 13:07:55,0.0635,1.024
2010-08-22 13:07:56,0.0635,1.024
2010-08-22 13:07:59,0.0635,1.024
2010-08-22 13:08:00,0.0635,1.024
2010-08-22 13:08:02,0.0635,1.024
2010-08-22 13:08:04,0.0635,1.024
2010-08-22 13:08:26,0.0632,1.029
2010-08-22 13:08:27,0.0632,1.029
2010-08-22 13:08:29,0.0632,1.029
2010-08-22 13:08:30,0.0632,1.029
2010-08-22 13:08:31,0.0632,1.029
2010-08-22 13:08:32,0.0632,1.029
2010-08-22 13:08:34,0.0632,1.029
2010-08-22 13:08:35,0.0632,1.029
2010-08-22 13:08:36,0.0632,1.029
2010-08-22 13:08:37,0.0632,1.029
2010-08-22 13:08:39,0.0635,1.024
2010-08-22 13:08:40,0.0635,1.024
2010-08-22 13:08:41,0.0635,1.024
2010-08-22 13:08:43,0.0635,1.024
2010-08-22 13:08:44,0.0635,1.024
2010-08-22 13:08:45,0.0635,1.024
2010-08-22 13:08:46,0.0635,1.024
2010-08-22 13:08:47,0.0635,1.024
2010-08-22 13:08:49,0.0635,1.024
2010-08-22 13:08:50,0.0635,1.024
2010-08-22 13:11:22,0.0632,1.029
2010-08-22 13:11:41,0.0635,1.024
2010-08-22 13:15:39,0.0632,1.029
2010-08-22 13:15:47,0.0635,1.024
2010-08-22 13:16:02,0.0632,1.029
2010-08-22 13:16:04,0.0635,1.024
2010-08-22 13:25:25,0.0632,1.03
2010-08-22 13:32:46,0.0635,1.02
2010-08-22 13:37:18,0.0632,1.03
2010-08-22 13:39:05,0.0635,1.02
2010-08-22 14:14:45,0.0634,50
2010-08-22 14:15:41,0.0635,75.48
2010-08-22 14:16:10,0.065,1
2010-08-22 14:24:16,0.0633,2
2010-08-22 14:34:54,0.0633,2
2010-08-22 15:05:51,0.0633,46
2010-08-22 16:17:29,0.064,50
2010-08-22 17:15:33,0.064,30
2010-08-22 17:16:05,0.0633,50
2010-08-22 17:17:53,0.0632,874.61
2010-08-22 17:51:52,0.0624033333333333,125
2010-08-22 18:44:13,0.062,30
2010-08-22 18:46:29,0.062,989.191
2010-08-22 18:50:11,0.0612,51
2010-08-22 19:28:06,0.06201,300
2010-08-22 19:38:15,0.064,1
2010-08-22 19:51:01,0.06201,10
2010-08-22 20:45:50,0.064,1
2010-08-22 20:58:36,0.064,48
2010-08-22 21:11:24,0.06401,5
2010-08-22 21:11:35,0.065,35
2010-08-22 21:14:54,0.0621,1
2010-08-22 21:15:53,0.06201,30
2010-08-22 21:22:56,0.065,580.829
2010-08-22 21:23:48,0.06501,400
2010-08-22 21:24:22,0.06501,50
2010-08-22 21:24:31,0.0655,30
2010-08-22 21:45:35,0.065,50
2010-08-22 21:55:41,0.066,19.997
2010-08-22 22:01:38,0.065,350
2010-08-22 22:02:16,0.064,1
2010-08-22 22:34:08,0.066,1
2010-08-22 22:53:06,0.0633,73
2010-08-22 23:09:22,0.063,327
2010-08-22 23:47:22,0.066,1
2010-08-23 00:12:40,0.066,1
2010-08-23 00:12:43,0.066,1
2010-08-23 00:12:44,0.066,1
2010-08-23 00:12:48,0.063,1
2010-08-23 01:42:27,0.066,1
2010-08-23 10:43:22,0.06539,12
2010-08-23 12:28:12,0.0641,4
2010-08-23 13:20:14,0.06409,200
2010-08-23 13:28:57,0.06409,100
2010-08-23 16:53:38,0.06409,100
2010-08-23 18:09:06,0.0642233333333333,200
2010-08-23 18:18:47,0.064795,2
2010-08-23 19:21:58,0.0649,451
2010-08-23 19:22:43,0.065,447.3
2010-08-23 19:25:11,0.06549,13
2010-08-23 19:25:22,0.0655,10
2010-08-23 19:25:45,0.0655,290
2010-08-23 19:26:02,0.066,1040.19
2010-08-23 19:26:46,0.06649,19
2010-08-23 19:26:56,0.06659,2
2010-08-23 19:27:02,0.06601,200
2010-08-23 19:27:28,0.0666,100
2010-08-23 19:27:31,0.0666,50
2010-08-23 19:27:42,0.06669,2
2010-08-23 19:27:49,0.066795,100
2010-08-23 19:28:02,0.0668,100
2010-08-23 19:41:26,0.06689,200
2010-08-23 19:42:07,0.06689,300
2010-08-23 19:58:37,0.066,150
2010-08-23 20:15:35,0.065,150
2010-08-23 22:18:19,0.06491,50
2010-08-24 01:14:41,0.06491,150
2010-08-24 02:25:57,0.065,50
2010-08-24 02:26:25,0.066,10
2010-08-24 02:26:40,0.0665,220
2010-08-24 02:26:53,0.0665,8
2010-08-24 05:24:43,0.0665,1
2010-08-24 05:25:28,0.06601,0.757
2010-08-24 05:26:19,0.06491,2
2010-08-24 05:26:56,0.0665,1
2010-08-24 08:19:52,0.065005,155
2010-08-24 10:09:17,0.0664,50
2010-08-24 10:22:31,0.06641,150
2010-08-24 11:15:26,0.06641,54
2010-08-24 12:36:20,0.06641,1563.5
2010-08-24 12:38:21,0.06641,1500
2010-08-24 12:39:30,0.06641,1572.5
2010-08-24 14:25:24,0.0665,638
2010-08-24 14:35:41,0.0665,132
2010-08-24 15:07:40,0.065,1
2010-08-24 18:06:12,0.065,34.6
2010-08-24 18:06:30,0.065,14.6
2010-08-24 20:26:46,0.065,403.8
2010-08-25 03:15:19,0.0659133333333333,750
2010-08-25 05:27:01,0.0641,5.94
2010-08-25 11:33:53,0.06643,761
2010-08-25 11:55:27,0.0655,500
2010-08-25 12:28:27,0.0652,150
2010-08-25 12:29:59,0.0652,50
2010-08-25 13:12:14,0.06501,200
2010-08-25 13:51:06,0.06501,50
2010-08-25 20:14:56,0.0663,50
2010-08-25 20:15:39,0.0664,255.94
2010-08-25 20:17:36,0.066495,500
2010-08-25 20:55:55,0.0657,68
2010-08-25 21:13:27,0.0657,100
2010-08-25 21:16:27,0.0659,190
2010-08-25 21:43:15,0.0657,296
2010-08-25 21:44:00,0.065,1
2010-08-25 22:03:40,0.0648,1
2010-08-25 23:40:40,0.0648,300
2010-08-26 06:42:17,0.0648066666666667,1000
2010-08-26 10:34:01,0.065795,1212
2010-08-26 11:44:50,0.06481,200
2010-08-26 12:37:40,0.0648,684.61
2010-08-26 12:39:20,0.06435,600
2010-08-26 12:52:30,0.064075,57
2010-08-26 19:35:31,0.064,100
2010-08-26 23:21:17,0.064,14.4
2010-08-26 23:29:54,0.0647,1
2010-08-26 23:30:31,0.064,1
2010-08-27 00:36:30,0.064,244.6
2010-08-27 01:25:20,0.06399,0.4
2010-08-27 01:39:55,0.063505,12
2010-08-27 06:08:00,0.063,200
2010-08-27 08:39:55,0.063995,300
2010-08-27 09:55:42,0.064,950
2010-08-27 12:17:49,0.0645,25
2010-08-27 12:17:52,0.0645,25
2010-08-27 12:18:03,0.065,144
2010-08-27 13:27:56,0.065,2000
2010-08-27 14:00:50,0.065,1000
2010-08-27 14:52:09,0.065,20
2010-08-27 16:00:12,0.065,1200
2010-08-27 16:47:32,0.065,2646.593
2010-08-27 20:14:23,0.0649,42.38
2010-08-27 23:30:26,0.065,200
2010-08-28 03:20:47,0.065,302.23
2010-08-28 03:21:29,0.0646,306.656
2010-08-28 03:29:10,0.064525,350
2010-08-28 03:51:01,0.0649,306.66
2010-08-28 03:52:52,0.065,345.916
2010-08-28 03:57:45,0.0646,308.05
2010-08-28 03:58:13,0.0645,351.1
2010-08-28 04:04:22,0.0649666666666667,512.311
2010-08-28 04:07:50,0.06455,512
2010-08-28 04:37:04,0.0645,100
2010-08-28 05:21:13,0.0645,1042.343
2010-08-28 06:11:59,0.0649,20.567
2010-08-28 06:37:08,0.0646,20.5
2010-08-28 06:37:32,0.0649,20
2010-08-28 06:40:32,0.0646,20
2010-08-28 06:40:59,0.0649,20
2010-08-28 06:42:07,0.0646,20.279
2010-08-28 06:43:30,0.0649,20.49
2010-08-28 06:45:30,0.0646,20.5
2010-08-28 06:45:57,0.0649,20.1
2010-08-28 06:47:58,0.0646,19.3
2010-08-28 06:48:12,0.0649,19
2010-08-28 06:48:27,0.0646,19.8
2010-08-28 06:48:45,0.0649,20
2010-08-28 06:49:03,0.0646,20.092
2010-08-28 06:49:25,0.0649,20.197
2010-08-28 06:55:55,0.0646,20
2010-08-28 06:56:16,0.0649,19.5
2010-08-28 06:56:30,0.0646,18.9
2010-08-28 06:56:45,0.0649,17.8
2010-08-28 06:57:00,0.0646,17.7
2010-08-28 06:57:13,0.0649,15.6
2010-08-28 06:57:25,0.0646,15.5
2010-08-28 06:58:02,0.0649,15.2
2010-08-28 06:58:19,0.0646,15
2010-08-28 06:59:34,0.0649,18.61
2010-08-28 06:59:49,0.0646,19.7
2010-08-28 07:00:06,0.0649,19.3
2010-08-28 07:00:53,0.0646,19.4
2010-08-28 07:01:15,0.0649,19.4
2010-08-28 07:01:24,0.0646,19.4
2010-08-28 07:01:31,0.0649,19.4
2010-08-28 07:01:38,0.0646,19.4
2010-08-28 07:01:45,0.0649,19.4
2010-08-28 07:02:17,0.0646,19.28
2010-08-28 07:04:04,0.0649,18
2010-08-28 07:04:10,0.0646,18
2010-08-28 07:04:17,0.0649,18
2010-08-28 07:04:22,0.0646,18
2010-08-28 07:04:26,0.0649,18
2010-08-28 07:04:31,0.0646,18
2010-08-28 07:04:35,0.0649,18
2010-08-28 07:04:38,0.0646,18
2010-08-28 07:04:43,0.0649,18
2010-08-28 07:04:48,0.0646,18
2010-08-28 07:04:54,0.0649,18
2010-08-28 07:04:58,0.0646,18
2010-08-28 07:05:09,0.0649,2
2010-08-28 07:05:17,0.0646,2.127
2010-08-28 07:08:29,0.0649,1.74
2010-08-28 07:08:34,0.0649,1.74
2010-08-28 07:08:40,0.0649,1.74
2010-08-28 07:08:43,0.0649,1.74
2010-08-28 07:08:46,0.0649,1.74
2010-08-28 07:08:48,0.0649,1.74
2010-08-28 07:08:51,0.0649,1.74
2010-08-28 07:08:53,0.0649,1.74
2010-08-28 07:08:56,0.0649,1.74
2010-08-28 07:08:58,0.0649,1.74
2010-08-28 07:09:58,0.0646,1.74
2010-08-28 07:10:02,0.0646,1.74
2010-08-28 07:10:06,0.0646,1.74
2010-08-28 07:10:09,0.0646,1.74
2010-08-28 07:10:12,0.0646,1.74
2010-08-28 07:10:15,0.0646,1.74
2010-08-28 07:10:17,0.0646,1.74
2010-08-28 07:10:20,0.0646,1.74
2010-08-28 07:10:23,0.0646,1.74
2010-08-28 07:10:27,0.0646,1.74
2010-08-28 08:01:11,0.0649,309.75
2010-08-28 13:56:44,0.0649,190.25
2010-08-28 14:00:28,0.0646,99.75
2010-08-28 19:20:52,0.0648,18.747
2010-08-28 22:08:51,0.0645166666666667,214
2010-08-29 01:20:01,0.0647,295
2010-08-29 03:50:32,0.0646,492
2010-08-29 03:50:39,0.0646,992
2010-08-29 03:52:54,0.0646,207.25
2010-08-29 04:08:57,0.0647,482
2010-08-29 04:38:43,0.0646,313.467
2010-08-29 05:49:17,0.0641,8.54
2010-08-29 18:17:13,0.0641,18.747
2010-08-29 18:17:32,0.0648,18
2010-08-29 18:17:43,0.0641,14.868
2010-08-29 18:18:27,0.0648,15.2
2010-08-29 18:18:46,0.064,11.33
2010-08-29 18:27:19,0.064,255
2010-08-29 20:41:50,0.064,50
2010-08-30 01:09:59,0.0646,0.495
2010-08-30 07:00:49,0.064055,184.294
2010-08-30 07:28:58,0.064,100
2010-08-30 10:28:44,0.06496,8006.956
2010-08-30 10:36:42,0.0676352941176471,5264.6
2010-08-30 10:39:10,0.0587854054054054,10871.941
2010-08-30 10:45:42,0.0482222222222222,2262.8
2010-08-30 10:47:18,0.055,0.182
2010-08-30 10:53:15,0.03211,250
2010-08-30 11:30:18,0.0325,1
2010-08-30 11:31:04,0.05,1
2010-08-30 11:31:41,0.062,1
2010-08-30 11:31:51,0.063,1
2010-08-30 11:32:03,0.064,1
2010-08-30 11:34:29,0.064595,550
2010-08-30 12:32:07,0.06411,20
2010-08-30 12:33:10,0.06411,20
2010-08-30 12:45:40,0.06411,50
2010-08-30 14:12:55,0.0646,105.87
2010-08-30 14:44:56,0.0649,53
2010-08-30 14:51:26,0.06411,100
2010-08-30 16:09:56,0.0649,2237
2010-08-30 19:08:41,0.06356,2000
2010-08-30 19:11:57,0.063,1500
2010-08-30 19:59:26,0.063,400
2010-08-30 20:05:17,0.063,200
2010-08-30 23:38:45,0.06497,11
2010-08-31 00:52:54,0.06411,11.231
2010-08-31 04:44:39,0.06409,93.745
2010-08-31 06:07:50,0.064,70
2010-08-31 07:35:45,0.064,48.836
2010-08-31 16:43:28,0.0631,500
2010-08-31 16:49:42,0.06309,300
2010-08-31 18:44:30,0.063795,430
2010-08-31 18:47:10,0.064,450
2010-08-31 18:47:40,0.06409,295.024
2010-08-31 18:58:00,0.0645375,1544.05
2010-08-31 19:26:43,0.0644,1000
2010-08-31 19:26:53,0.0644,420.948
2010-08-31 19:30:31,0.06431,1000
2010-08-31 19:31:03,0.06431,90
2010-08-31 19:31:27,0.0631,507
2010-08-31 19:32:15,0.063,1000
2010-08-31 19:32:21,0.063,1000
2010-08-31 19:32:24,0.063,1000
2010-08-31 19:33:11,0.063,935.781
2010-08-31 19:38:27,0.062,30
2010-08-31 19:38:43,0.061,400
2010-08-31 19:39:20,0.06,304
2010-08-31 19:41:27,0.061,20
2010-08-31 19:42:10,0.061,20
2010-08-31 19:42:41,0.061,16.292
2010-08-31 19:48:02,0.061,43.708
2010-08-31 22:10:00,0.061,56.292
2010-08-31 23:08:08,0.06,206.45
2010-08-31 23:47:33,0.06,3093.55
2010-09-01 04:27:10,0.062,10.6
2010-09-01 05:36:46,0.0619,18.92
2010-09-01 05:37:54,0.0619,120
2010-09-01 05:40:26,0.0619,160
2010-09-01 05:41:11,0.0619,1
2010-09-01 05:41:16,0.0619,1
2010-09-01 07:56:50,0.0619,2.019
2010-09-01 07:56:53,0.0601,1.913
2010-09-01 08:06:40,0.0601,1.831
2010-09-01 08:08:14,0.0601,1.832
2010-09-01 08:10:15,0.0601,1.847
2010-09-01 08:12:59,0.0601,1.912
2010-09-01 08:13:09,0.0601,1.9
2010-09-01 08:18:11,0.0601,1.905
2010-09-01 08:18:22,0.0601,1.909
2010-09-01 08:19:22,0.0601,1.909
2010-09-01 08:19:35,0.0601,1.907
2010-09-01 08:19:48,0.0601,1.906
2010-09-01 08:20:02,0.0601,1.905
2010-09-01 08:34:43,0.0619,2.01
2010-09-01 08:35:50,0.0619,2.01
2010-09-01 08:37:26,0.0619,2.01
2010-09-01 08:37:27,0.0619,4.02
2010-09-01 08:46:58,0.06,1.909
2010-09-01 08:46:59,0.0619,2.01
2010-09-01 08:47:11,0.0619,4.02
2010-09-01 08:47:12,0.0619,6.03
2010-09-01 08:47:15,0.06,7.636
2010-09-01 08:47:16,0.06,1.909
2010-09-01 08:55:36,0.0619,2.01
2010-09-01 08:55:38,0.06,1.909
2010-09-01 08:55:39,0.0619,2.01
2010-09-01 08:55:41,0.06,1.909
2010-09-01 08:55:42,0.0619,2.01
2010-09-01 08:55:43,0.06,1.909
2010-09-01 08:55:45,0.0619,2.01
2010-09-01 08:55:46,0.06,1.909
2010-09-01 08:55:47,0.0619,2.01
2010-09-01 08:55:48,0.06,1.909
2010-09-01 08:57:17,0.0619,2.01
2010-09-01 08:57:18,0.0619,2.01
2010-09-01 08:57:19,0.0619,4.02
2010-09-01 08:57:20,0.0619,2.01
2010-09-01 08:57:22,0.06,1.909
2010-09-01 08:57:23,0.06,1.909
2010-09-01 08:57:24,0.06,1.909
2010-09-01 08:57:25,0.06,3.818
2010-09-01 08:58:04,0.06,1.909
2010-09-01 08:58:05,0.0619,2.01
2010-09-01 08:58:06,0.06,1.909
2010-09-01 08:58:07,0.0619,2.01
2010-09-01 08:58:08,0.06,1.909
2010-09-01 08:58:09,0.0619,2.01
2010-09-01 08:58:10,0.06,1.909
2010-09-01 08:58:11,0.06095,3.919
2010-09-01 08:58:12,0.0619,2.01
2010-09-01 08:59:01,0.0619,2.01
2010-09-01 08:59:02,0.0619,2.01
2010-09-01 08:59:03,0.0619,2.01
2010-09-01 08:59:04,0.0619,2.01
2010-09-01 08:59:05,0.0619,2.01
2010-09-01 09:00:08,0.06,1.909
2010-09-01 09:00:09,0.06,1.909
2010-09-01 09:00:10,0.06,1.909
2010-09-01 09:00:11,0.06,1.909
2010-09-01 09:00:12,0.06,1.909
2010-09-01 10:01:25,0.06,140.366
2010-09-01 10:17:58,0.05961,55
2010-09-01 11:16:02,0.0619,380
2010-09-01 13:05:33,0.06096,150
2010-09-01 16:55:17,0.05971,710
2010-09-01 17:39:29,0.05969,10
2010-09-01 17:51:08,0.0609,0.049
2010-09-01 17:55:01,0.0609,1
2010-09-01 18:49:05,0.0609,1500
2010-09-01 19:29:31,0.0608,150
2010-09-01 19:45:55,0.0598,50
2010-09-01 20:56:08,0.0608,50
2010-09-01 21:00:46,0.06113375,3000
2010-09-01 23:26:45,0.0614,350
2010-09-01 23:28:48,0.0614,20
2010-09-01 23:46:26,0.0614,55.5
2010-09-01 23:47:28,0.062,11.3
2010-09-01 23:49:09,0.0629,83.3
2010-09-01 23:49:19,0.0629,0.048
2010-09-02 05:18:01,0.061,250
2010-09-02 11:28:42,0.0601,400
2010-09-02 12:34:33,0.06099,10
2010-09-02 12:36:55,0.0601,2
2010-09-02 15:20:35,0.0609,150
2010-09-02 19:36:31,0.0609,392
2010-09-02 19:38:44,0.06099,1608
2010-09-02 21:06:03,0.06099,3419.72
2010-09-02 21:29:15,0.0622,328.01
2010-09-02 22:00:35,0.06014,500
2010-09-02 23:30:40,0.062,20
2010-09-02 23:30:53,0.06295,900
2010-09-02 23:31:22,0.0634,100
2010-09-02 23:31:37,0.0634,50
2010-09-02 23:31:56,0.0634,20
2010-09-02 23:32:13,0.0634,1
2010-09-03 03:31:01,0.061,5
2010-09-03 04:09:29,0.063,51
2010-09-03 08:04:36,0.063,25
2010-09-03 08:13:47,0.0615,35
2010-09-03 08:14:02,0.06105,715
2010-09-03 09:25:39,0.063,0.05
2010-09-03 09:29:05,0.063,0.05
2010-09-03 09:29:08,0.063,0.05
2010-09-03 09:29:11,0.063,0.05
2010-09-03 09:29:13,0.063,0.05
2010-09-03 09:29:16,0.063,0.05
2010-09-03 09:29:20,0.063,0.05
2010-09-03 09:29:22,0.063,0.05
2010-09-03 09:29:29,0.063,0.05
2010-09-03 09:29:32,0.063,0.05
2010-09-03 09:29:35,0.063,0.05
2010-09-03 09:29:38,0.063,0.05
2010-09-03 09:29:40,0.063,0.05
2010-09-03 09:29:43,0.063,0.05
2010-09-03 09:29:46,0.063,0.05
2010-09-03 09:29:50,0.063,0.05
2010-09-03 09:29:53,0.063,0.05
2010-09-03 09:29:56,0.063,0.05
2010-09-03 09:29:58,0.063,0.05
2010-09-03 09:30:00,0.063,0.05
2010-09-03 10:57:01,0.06085,50
2010-09-03 11:49:07,0.06085,10
2010-09-04 11:57:08,0.06125,10
2010-09-04 15:04:40,0.0613,803
2010-09-04 15:20:25,0.0613,756
2010-09-04 18:18:16,0.061325,731
2010-09-04 23:25:57,0.0612,1000
2010-09-04 23:49:41,0.06238,1
2010-09-05 00:39:19,0.06245,290
2010-09-05 03:38:32,0.061,14
2010-09-05 03:39:33,0.06245,12
2010-09-05 03:39:44,0.061,14
2010-09-05 03:40:14,0.06245,15
2010-09-05 03:41:01,0.061,14
2010-09-05 03:41:18,0.06245,13
2010-09-05 03:53:36,0.061,12.5
2010-09-05 03:54:55,0.06245,12
2010-09-05 03:55:06,0.061,14
2010-09-05 03:55:46,0.06245,10
2010-09-05 03:55:53,0.061,11
2010-09-05 03:57:44,0.06245,11.9
2010-09-05 03:58:59,0.061,11.5
2010-09-05 03:59:37,0.06245,12
2010-09-05 04:00:18,0.061,11.5
2010-09-05 04:01:20,0.06245,12
2010-09-05 04:01:24,0.061,11.5
2010-09-05 04:01:27,0.06245,12
2010-09-05 04:01:30,0.061,11.5
2010-09-05 04:01:33,0.06245,12
2010-09-05 04:01:37,0.061,11.5
2010-09-05 04:01:43,0.06245,12
2010-09-05 04:02:00,0.061,11.5
2010-09-05 04:02:02,0.06245,11.307
2010-09-05 05:13:02,0.061,14.709
2010-09-05 05:13:28,0.06245,14.436
2010-09-05 05:27:13,0.0629,0.159
2010-09-05 05:29:06,0.0605,1.291
2010-09-05 05:33:23,0.0629,1.113
2010-09-05 05:52:48,0.06245,9.999
2010-09-05 13:05:53,0.062475,1160
2010-09-05 13:47:10,0.061025,586.791
2010-09-05 13:47:25,0.0609,100
2010-09-05 13:47:37,0.0608,100
2010-09-05 13:47:48,0.0608,13.209
2010-09-05 16:19:21,0.0609,14.4
2010-09-05 17:30:52,0.0629,4.092
2010-09-05 17:39:45,0.06245,10
2010-09-05 18:47:22,0.06241,9.976
2010-09-05 19:35:43,0.062475,580.358
2010-09-05 19:36:07,0.0631333333333333,3000
2010-09-05 19:36:33,0.0638333333333333,200
2010-09-05 19:36:44,0.064,20
2010-09-05 19:36:48,0.064,20
2010-09-05 19:36:56,0.064,15
2010-09-05 21:14:04,0.0616166666666667,2000
2010-09-06 13:06:26,0.0627,20
2010-09-06 13:32:38,0.0617,500
2010-09-06 13:32:48,0.0616,290
2010-09-06 17:35:56,0.0616,100
2010-09-07 01:44:47,0.0616,49.997
2010-09-07 11:52:13,0.0616,317.159
2010-09-07 15:34:26,0.0609233333333333,1322
2010-09-07 16:02:08,0.06159,0.001
2010-09-07 16:09:12,0.06185,486
2010-09-07 18:20:36,0.0603,14.02
2010-09-07 21:29:26,0.062,1000
2010-09-07 21:29:39,0.062,93.58
2010-09-07 21:46:35,0.0613,43.37
2010-09-07 23:00:23,0.062,11.53
2010-09-07 23:05:58,0.06101,11.595
2010-09-07 23:06:13,0.062,13
2010-09-07 23:06:24,0.06101,13
2010-09-07 23:06:34,0.062,13
2010-09-07 23:06:38,0.06101,13
2010-09-07 23:06:44,0.062,5.84
2010-09-07 23:30:31,0.06201,7.16
2010-09-07 23:31:10,0.0610025,42.94
2010-09-08 03:33:40,0.061,1084.565
2010-09-08 05:56:03,0.061,154
2010-09-08 21:04:12,0.060995,811.435
2010-09-08 21:04:16,0.062,295.41
2010-09-09 12:29:29,0.0611,100
2010-09-09 14:06:09,0.0611,100
2010-09-09 14:37:17,0.06109,45.948
2010-09-09 17:29:01,0.06109,4.662
2010-09-09 17:29:23,0.0623966666666667,1000
2010-09-09 17:30:09,0.0624,282
2010-09-09 17:59:41,0.062,45.94
2010-09-09 19:41:37,0.06201,31.06
2010-09-09 19:42:54,0.0612,18.84
2010-09-09 22:41:43,0.0619975,19.84
2010-09-09 23:14:12,0.0612,35.212
2010-09-09 23:59:36,0.06111,50
2010-09-10 00:03:50,0.061,664.788
2010-09-10 04:19:15,0.06044,1000
2010-09-10 05:28:31,0.06014,750
2010-09-10 05:36:21,0.06014,100
2010-09-10 15:42:41,0.06014,11
2010-09-10 15:44:18,0.0618,12
2010-09-10 15:44:24,0.0618,12
2010-09-10 15:44:30,0.0618,120
2010-09-10 15:44:33,0.0618,120
2010-09-10 15:44:36,0.0618,120
2010-09-10 15:44:39,0.0618,120
2010-09-10 15:44:47,0.0618,400
2010-09-10 15:44:52,0.0618,400
2010-09-10 15:45:01,0.0618,400
2010-09-10 15:45:04,0.0618,400
2010-09-10 15:45:07,0.0618,310
2010-09-11 09:40:11,0.0619,50
2010-09-11 09:45:48,0.0619,102
2010-09-11 09:57:05,0.0619,378
2010-09-11 09:57:28,0.062,100
2010-09-11 09:58:44,0.062,100
2010-09-11 09:58:51,0.062,100
2010-09-11 09:58:55,0.062,100
2010-09-11 19:26:57,0.062,44.8
2010-09-11 20:53:15,0.062,557.48
2010-09-11 20:56:09,0.0621,44.76
2010-09-11 21:14:44,0.0629,444
2010-09-11 21:14:51,0.0629,1217
2010-09-11 21:14:56,0.063,1150
2010-09-11 21:15:24,0.0635,50
2010-09-11 21:15:27,0.064,500
2010-09-11 21:15:29,0.064,500
2010-09-11 21:15:31,0.064,468.07
2010-09-11 21:15:35,0.0643,13
2010-09-11 21:15:38,0.0645,110.03
2010-09-11 21:15:42,0.065,500
2010-09-11 21:15:45,0.065,500
2010-09-11 21:15:47,0.065,500
2010-09-11 22:30:07,0.0635,200
2010-09-11 22:58:02,0.06366,20
2010-09-12 00:53:07,0.0621,47.021
2010-09-12 00:53:14,0.062,62
2010-09-12 00:53:23,0.06151,100
2010-09-12 00:53:28,0.06151,100
2010-09-12 00:53:41,0.061505,200
2010-09-12 01:51:13,0.061985,85.02
2010-09-12 01:51:21,0.06209,52.979
2010-09-12 01:56:11,0.0621,46.86
2010-09-12 02:01:27,0.0615,100
2010-09-13 00:38:17,0.061995,50
2010-09-13 03:17:04,0.061505,200
2010-09-13 11:46:55,0.0615,145.195
2010-09-13 11:47:18,0.061,300
2010-09-13 11:47:37,0.0607,104.805
2010-09-13 12:39:07,0.0608,350
2010-09-13 13:21:28,0.061995,194.17
2010-09-13 14:41:41,0.06201,156.83
2010-09-13 18:33:13,0.062998125,7504.809
2010-09-13 18:42:47,0.064,25.184
2010-09-13 19:12:41,0.06101,50
2010-09-13 20:00:12,0.06096,100
2010-09-13 20:00:24,0.06096,75.033
2010-09-13 20:00:45,0.0608,200
2010-09-13 20:08:27,0.0608,50
2010-09-13 21:37:20,0.06289,20
2010-09-13 22:39:27,0.062205,100
2010-09-13 22:39:48,0.0622,20.093
2010-09-13 22:40:00,0.062,100
2010-09-13 23:20:22,0.062185,330.217
2010-09-14 01:02:11,0.062,8
2010-09-14 01:22:34,0.061005,500
2010-09-14 02:10:13,0.0625,42.04
2010-09-14 04:47:38,0.062,10
2010-09-14 04:53:03,0.0621,10
2010-09-14 04:54:08,0.0621,10
2010-09-14 05:00:01,0.0626,40.984
2010-09-14 05:30:36,0.0621,10
2010-09-14 05:36:20,0.0621,10
2010-09-14 05:42:11,0.0621,10
2010-09-14 05:50:13,0.0621,10
2010-09-14 06:31:47,0.0621,10
2010-09-14 06:34:53,0.0621,10
2010-09-14 06:42:02,0.0621,10
2010-09-14 06:42:35,0.0621,10
2010-09-14 09:04:48,0.0621,10
2010-09-14 09:06:02,0.0621,9.984
2010-09-14 09:06:52,0.0621,0.016
2010-09-14 09:06:57,0.0621,10
2010-09-14 09:09:12,0.0621,10
2010-09-14 09:12:28,0.0621,10
2010-09-14 09:15:34,0.0621,9.984
2010-09-14 09:43:40,0.0621,0.016
2010-09-14 09:44:10,0.06134,1000
2010-09-14 13:31:21,0.0612,400
2010-09-14 13:31:43,0.0612,100
2010-09-14 15:52:01,0.0614,50.04
2010-09-14 15:52:59,0.0619,500
2010-09-14 15:53:03,0.0619,500
2010-09-14 15:53:05,0.0619,500
2010-09-14 15:53:12,0.0619,500
2010-09-14 16:32:27,0.0632565,6811
2010-09-14 17:55:55,0.064,10
2010-09-14 17:56:08,0.06121,10
2010-09-14 18:04:27,0.064,48.524
2010-09-14 18:09:41,0.06123,48.52
2010-09-14 18:10:11,0.06399,46.4
2010-09-14 18:10:23,0.06123,46.4
2010-09-14 18:10:46,0.06399,44.3
2010-09-14 18:11:06,0.06123,44.3
2010-09-14 18:11:34,0.06399,42.493
2010-09-14 18:11:57,0.06123,42.497
2010-09-14 18:12:19,0.06399,40.6
2010-09-14 18:14:18,0.06123,40.6
2010-09-14 18:14:44,0.06399,38.9
2010-09-14 18:15:07,0.06122,38.9
2010-09-14 18:16:09,0.06399,23.8
2010-09-14 18:16:56,0.06121,23.8
2010-09-14 18:17:42,0.063995,33.114
2010-09-14 18:17:57,0.07,0.086
2010-09-14 18:20:53,0.06121,33.2
2010-09-14 18:22:15,0.06398,31.786
2010-09-14 18:23:13,0.06121,31.786
2010-09-14 18:24:16,0.06398,21.37
2010-09-14 18:26:34,0.06121,21.37
2010-09-14 18:27:36,0.06398,4.156
2010-09-14 18:28:24,0.06398,28.3
2010-09-14 18:29:08,0.06399,0.001
2010-09-14 18:29:35,0.06121,32.457
2010-09-14 18:30:42,0.0637,19
2010-09-14 18:31:04,0.062,19
2010-09-14 18:32:19,0.06369,30.7
2010-09-14 18:32:37,0.06201,30.7
2010-09-14 18:32:56,0.06369,19.05
2010-09-14 18:37:10,0.06201,19.05
2010-09-14 18:37:32,0.06369,10
2010-09-14 18:37:41,0.06369,10
2010-09-14 18:37:52,0.06201,20
2010-09-14 18:38:23,0.063,18.39
2010-09-14 18:38:50,0.1,0.01
2010-09-14 18:47:33,0.06201,18.4
2010-09-14 18:48:27,0.06299,12.1
2010-09-14 18:49:19,0.06299,9.981
2010-09-14 18:53:43,0.06299,50
2010-09-14 18:53:54,0.106,0.023
2010-09-14 18:54:38,0.06201,22.1
2010-09-14 18:55:11,0.06299,16.953
2010-09-14 18:55:13,0.06299,10
2010-09-14 18:55:32,0.106,0.047
2010-09-14 18:55:46,0.06201,17
2010-09-14 18:56:24,0.06299,16.164
2010-09-14 18:56:56,0.11,0.036
2010-09-14 18:59:14,0.06201,16.2
2010-09-14 18:59:44,0.06299,14.675
2010-09-14 19:03:30,0.12,0.025
2010-09-14 19:08:02,0.06201,14.7
2010-09-14 19:08:50,0.06289,9.977
2010-09-14 19:15:40,0.175,0.023
2010-09-14 19:28:05,0.06269,17.78
2010-09-14 19:50:23,0.06201,200
2010-09-14 20:26:52,0.06269,103
2010-09-14 21:17:22,0.06269,20
2010-09-14 21:39:07,0.06201,900
2010-09-14 21:39:59,0.062,350.107
2010-09-14 23:00:00,0.06199,49.893
2010-09-15 04:04:44,0.0625,10
2010-09-15 04:07:03,0.0625,10
2010-09-15 10:07:35,0.0614742857142857,2622.35
2010-09-15 11:55:08,0.061,449.316
2010-09-15 11:55:48,0.0609,100
2010-09-15 11:56:29,0.0609,100
2010-09-15 11:56:50,0.06099,50.684
2010-09-15 18:06:32,0.0605,156
2010-09-15 18:06:51,0.0604,53.5
2010-09-15 22:40:45,0.0604,100
2010-09-16 03:04:09,0.06185,730
2010-09-17 02:41:02,0.06089,150
2010-09-17 06:21:12,0.0609,1592
2010-09-17 07:46:55,0.0604,300
2010-09-17 12:02:55,0.060895,420
2010-09-17 12:03:06,0.0609,420
2010-09-17 12:04:43,0.0609,122
2010-09-17 13:48:17,0.0609,358
2010-09-17 17:21:54,0.0604,145.685
2010-09-17 17:22:28,0.0602733333333333,645.32
2010-09-17 20:19:04,0.06014,400
2010-09-17 20:46:57,0.06014,1000
2010-09-17 20:52:06,0.06014,400
2010-09-17 22:04:48,0.0601133333333333,300
2010-09-17 22:42:34,0.0597725,1008.995
2010-09-18 02:37:15,0.059,981.61
2010-09-18 02:49:34,0.06,1000
2010-09-18 07:07:38,0.0608566666666667,1570
2010-09-18 07:16:15,0.059,38.051
2010-09-18 07:17:50,0.0581475,320.898
2010-09-18 07:18:10,0.05761,141.05
2010-09-18 09:19:28,0.0599,100
2010-09-18 17:18:35,0.0609,22
2010-09-18 18:22:23,0.06091,19
2010-09-18 19:33:22,0.06091,1000
2010-09-18 19:41:24,0.06091,150
2010-09-18 19:43:33,0.061,200
2010-09-18 22:01:47,0.06091,550
2010-09-18 23:45:34,0.061,1000
2010-09-19 00:11:35,0.06091,1000
2010-09-19 02:13:28,0.06091,442
2010-09-19 08:46:44,0.06089,58
2010-09-19 08:50:17,0.06148,1487.954
2010-09-19 12:41:46,0.0618,229.066
2010-09-19 12:43:02,0.06198,830
2010-09-19 12:59:19,0.06199,500
2010-09-19 13:29:34,0.0619966666666667,1599
2010-09-19 14:04:32,0.061,100
2010-09-19 14:14:34,0.06,10
2010-09-19 15:36:13,0.0623666666666667,2500.05
2010-09-19 19:35:47,0.0625,1269.1
2010-09-19 20:56:33,0.062595,509
2010-09-19 21:25:15,0.06241,888
2010-09-19 22:09:57,0.0626933333333333,1030
2010-09-19 23:49:18,0.0627,400
2010-09-20 03:57:57,0.0621,150
2010-09-20 03:58:34,0.062,450
2010-09-20 04:16:22,0.062,5000
2010-09-20 04:17:05,0.062,550
2010-09-20 04:55:12,0.062,500
2010-09-20 06:53:52,0.062,800
2010-09-20 09:42:46,0.06259,50
2010-09-20 13:07:01,0.062,350.01
2010-09-20 13:18:40,0.0625933333333333,1108.93
2010-09-20 14:39:48,0.062695,200
2010-09-20 15:03:49,0.063,1820
2010-09-20 16:03:17,0.0633,150
2010-09-20 16:04:34,0.0634,650
2010-09-20 19:06:34,0.062181,2500
2010-09-20 22:02:50,0.0632,19
2010-09-20 22:31:27,0.0621,10
2010-09-21 00:39:12,0.063095,1000
2010-09-21 00:39:56,0.0631,181
2010-09-21 01:57:27,0.0633,302
2010-09-21 05:00:53,0.0623,800
2010-09-21 05:00:55,0.0623,800
2010-09-21 06:09:18,0.063175,1000
2010-09-21 06:11:13,0.06318,10
2010-09-21 06:11:42,0.06318,40
2010-09-21 09:52:11,0.06309,10
2010-09-21 13:39:02,0.063095,163.984
2010-09-21 18:32:50,0.0624,100
2010-09-21 18:59:03,0.0628,10
2010-09-21 21:56:05,0.0625,50
2010-09-21 21:56:10,0.0624,500
2010-09-21 21:56:57,0.0624,500
2010-09-21 21:57:11,0.0624,238.962
2010-09-21 22:37:07,0.06269,10
2010-09-21 23:01:26,0.06265,20
2010-09-22 09:26:14,0.0623366666666667,2000
2010-09-22 10:11:16,0.06227,1000
2010-09-22 13:51:55,0.06225,1190
2010-09-22 15:43:23,0.0622,372
2010-09-22 15:45:22,0.062,628
2010-09-22 18:40:06,0.0621,100
2010-09-22 19:11:12,0.062195,50.4
2010-09-22 21:38:40,0.0620525,3000
2010-09-22 21:40:02,0.062,214
2010-09-22 21:42:29,0.0615,10
2010-09-22 21:44:25,0.0615,690
2010-09-22 22:39:39,0.06148,460
2010-09-22 22:45:02,0.061995,600
2010-09-22 22:45:10,0.062,600
2010-09-22 22:45:13,0.062,600
2010-09-22 22:45:16,0.062,36
2010-09-22 22:49:25,0.0622,10
2010-09-23 00:45:04,0.0621,10
2010-09-23 02:38:19,0.062474,1243
2010-09-23 02:39:06,0.0627,1850
2010-09-23 02:41:45,0.0627,41.1
2010-09-23 03:31:41,0.06264,940.003
2010-09-23 04:25:09,0.061605,130
2010-09-23 08:33:28,0.061605,699.996
2010-09-23 09:36:56,0.061582,500
2010-09-23 11:57:56,0.06249,16
2010-09-23 13:18:44,0.0624925,1315
2010-09-23 13:20:03,0.0626566666666667,200
2010-09-23 13:20:25,0.0627,17
2010-09-23 13:41:38,0.0627966666666667,1978
2010-09-23 14:16:54,0.06261,10
2010-09-23 14:17:47,0.063,12.429
2010-09-23 15:23:04,0.06261,40
2010-09-23 15:23:12,0.0624,460.002
2010-09-23 15:41:36,0.0628966666666667,3000
2010-09-23 17:14:38,0.062405,442.73
2010-09-23 19:02:28,0.06243,590.07
2010-09-23 19:17:36,0.062725,500
2010-09-23 19:44:05,0.06281,100
2010-09-23 20:07:08,0.0626033333333333,853
2010-09-23 20:52:17,0.061815,400
2010-09-23 21:00:26,0.06181,0.002
2010-09-23 22:34:53,0.06181,146.998
2010-09-23 22:36:22,0.06231,10
2010-09-24 09:12:39,0.06209,10
2010-09-24 13:15:26,0.06232,185
2010-09-24 13:16:17,0.0624,200
2010-09-24 13:16:27,0.0624,100
2010-09-24 13:16:42,0.0624,49.375
2010-09-24 20:01:43,0.06216,50
2010-09-24 21:04:20,0.0622,50
2010-09-24 21:04:25,0.0622,40
2010-09-25 06:19:54,0.062215,20
2010-09-25 06:21:33,0.06199,10
2010-09-25 06:30:54,0.06197,10
2010-09-25 07:50:39,0.06232,100
2010-09-25 07:51:26,0.0624,100
2010-09-25 12:36:30,0.0618033333333333,283
2010-09-25 12:36:38,0.06171,1417
2010-09-25 19:49:19,0.06187,100
2010-09-25 23:56:04,0.06202,112.5
2010-09-26 03:05:53,0.06204,10
2010-09-26 17:59:44,0.06186,100
2010-09-26 18:00:24,0.061995,166.25
2010-09-26 18:01:02,0.06228,10.75
2010-09-26 18:01:13,0.06228,13
2010-09-26 18:01:17,0.06228,10
2010-09-26 18:01:22,0.06228,100
2010-09-26 18:01:24,0.06228,100
2010-09-26 18:01:26,0.06228,100
2010-09-26 18:01:27,0.06228,100
2010-09-26 18:01:35,0.06228,70
2010-09-26 19:04:18,0.0621833333333333,1000
2010-09-26 19:04:51,0.0622,278.125
2010-09-26 21:55:49,0.062078,10000
2010-09-27 06:16:02,0.062025,2230
2010-09-27 08:32:22,0.06195,10
2010-09-27 10:48:49,0.0619,100
2010-09-27 10:48:54,0.06195,100
2010-09-27 10:49:02,0.062,100
2010-09-27 11:00:46,0.061985,100
2010-09-27 11:43:41,0.06196,10
2010-09-27 11:44:51,0.06198,33
2010-09-27 14:27:00,0.0621042857142857,1960.745
2010-09-27 19:48:37,0.06228,10
2010-09-27 19:48:56,0.06228,10
2010-09-27 19:49:01,0.06228,10
2010-09-27 19:49:06,0.06228,10
2010-09-27 19:49:09,0.06228,10
2010-09-27 19:49:11,0.06228,10
2010-09-27 19:49:13,0.06228,10
2010-09-27 19:49:15,0.06228,10
2010-09-27 19:49:17,0.06228,10
2010-09-27 19:49:18,0.06228,10
2010-09-27 19:49:20,0.06228,10
2010-09-27 19:49:21,0.06228,10
2010-09-27 19:49:23,0.06228,10
2010-09-27 19:49:24,0.06228,10
2010-09-27 19:49:26,0.06228,10
2010-09-27 19:49:27,0.06228,10
2010-09-27 19:49:28,0.06228,10
2010-09-27 19:49:29,0.06228,10
2010-09-27 21:12:45,0.0622716666666667,4629
2010-09-27 22:07:00,0.06223,100
2010-09-27 22:49:40,0.0622033333333333,1199.5
2010-09-28 01:35:11,0.06196,10
2010-09-28 02:43:23,0.06199,100
2010-09-28 03:47:43,0.06183,10
2010-09-28 03:48:04,0.06183,10
2010-09-28 03:48:22,0.061815,280.5
2010-09-28 04:09:31,0.06182,368
2010-09-28 04:09:42,0.0617033333333333,1332
2010-09-28 04:41:42,0.06196,100
2010-09-28 05:45:52,0.062,150
2010-09-28 05:48:45,0.06271,0.159
2010-09-28 06:27:10,0.06171,10
2010-09-28 07:00:43,0.06178,49.84
2010-09-28 09:20:40,0.0619,50
2010-09-28 18:26:03,0.062088,2000
2010-09-28 19:05:34,0.06211,150
2010-09-28 19:47:04,0.06211,73
2010-09-28 19:49:59,0.06191,87
2010-09-28 20:14:24,0.06196,100
2010-09-28 21:01:46,0.0619866666666667,1168.86
2010-09-28 22:38:16,0.06191,1000
2010-09-28 22:39:11,0.0619,36.794
2010-09-29 00:49:04,0.062,10
2010-09-29 04:01:40,0.062,90
2010-09-29 08:02:30,0.06198,100
2010-09-29 08:02:35,0.062,100
2010-09-29 08:02:39,0.062,100
2010-09-29 08:02:42,0.062,100
2010-09-29 08:58:05,0.0619475,600
2010-09-29 08:58:49,0.06195,80
2010-09-29 09:22:34,0.06192,49.206
2010-09-29 09:50:36,0.0619025,1288.706
2010-09-29 09:51:30,0.0617,1711.29
2010-09-29 10:01:18,0.061895,100
2010-09-29 10:01:32,0.06191,100
2010-09-29 10:04:21,0.06191,874.835
2010-09-29 11:55:35,0.0619,127.67
2010-09-29 12:11:20,0.06197,10
2010-09-29 12:14:39,0.06193,191.5
2010-09-29 12:32:04,0.06184,900
2010-09-29 13:24:26,0.06188,100
2010-09-29 13:56:05,0.0618,524
2010-09-29 15:00:52,0.061715,409.89
2010-09-29 15:52:17,0.06169,1000
2010-09-29 15:52:47,0.06169,690.11
2010-09-29 16:25:31,0.061755,200
2010-09-29 16:50:27,0.0617066666666667,574.39
2010-09-29 16:59:27,0.061685,575
2010-09-29 17:17:59,0.06167,800
2010-09-29 17:23:55,0.06168,7.406
2010-09-29 17:25:22,0.061635,20
2010-09-29 17:25:58,0.06151,171.37
2010-09-29 17:26:37,0.061505,106
2010-09-29 17:44:29,0.061665,60
2010-09-29 17:44:52,0.06169,1000
2010-09-29 19:49:14,0.0617575,9581.164
2010-09-29 19:55:38,0.06192,241.5
2010-09-29 21:12:48,0.061775,200
2010-09-29 22:35:38,0.06178,131.605
2010-09-29 23:53:47,0.06187,550
2010-09-30 01:15:41,0.06174,32.9
2010-09-30 01:25:15,0.06189,20
2010-09-30 08:50:39,0.0619,0.016
2010-09-30 10:53:41,0.0619,561
2010-09-30 14:09:08,0.0617,102
2010-09-30 17:13:58,0.06161,2054.96
2010-09-30 18:00:01,0.06157,1000
2010-09-30 18:41:42,0.061585,770
2010-09-30 18:42:50,0.06159,5.258
2010-09-30 19:20:16,0.061575,362.677
2010-09-30 19:39:50,0.061675,1000
2010-09-30 20:11:14,0.06169,300
2010-09-30 20:22:59,0.06169,100
2010-09-30 20:36:11,0.06169,10
2010-09-30 20:57:15,0.06169,53.31
2010-09-30 21:34:49,0.06169,1448.47
2010-09-30 22:42:34,0.0619,10
2010-09-30 22:49:52,0.0619,86.434
2010-10-01 02:56:13,0.06189,25
2010-10-01 03:09:17,0.06189,10
2010-10-01 04:57:10,0.06189,50
2010-10-01 04:57:35,0.06189,10
2010-10-01 10:39:45,0.062,100
2010-10-01 10:52:44,0.062,10
2010-10-01 12:27:17,0.06199,51.53
2010-10-01 13:24:21,0.06189,32.655
2010-10-01 13:25:05,0.061995,100
2010-10-01 13:25:35,0.062,100
2010-10-01 13:55:42,0.06198,67.345
2010-10-01 17:11:45,0.0619733333333333,1050
2010-10-01 17:11:58,0.062,40
2010-10-01 21:20:35,0.062,50
2010-10-01 21:36:21,0.06197,20.92
2010-10-02 00:10:29,0.06188,10
2010-10-02 00:38:48,0.06189,100
2010-10-02 04:09:27,0.06187,29.08
2010-10-02 04:09:42,0.06155,970.92
2010-10-02 06:46:26,0.06181,255.614
2010-10-02 06:56:04,0.06149,4576.614
2010-10-02 07:25:44,0.061375,180
2010-10-02 07:28:46,0.06191,2.907
2010-10-02 07:28:54,0.0614,10
2010-10-02 07:33:45,0.06139,20
2010-10-02 07:33:56,0.06139,10
2010-10-02 08:29:42,0.06128,36.635
2010-10-02 08:29:54,0.0614,10
2010-10-02 08:30:05,0.061395,300
2010-10-02 08:40:12,0.06139,3000
2010-10-02 08:40:44,0.0614,162.371
2010-10-02 13:35:58,0.0614,10
2010-10-02 14:52:26,0.0614,1000
2010-10-02 14:52:34,0.0614,1000
2010-10-02 15:16:07,0.06125,112
2010-10-02 15:17:34,0.0614,100
2010-10-02 15:20:51,0.06139,21.6
2010-10-02 16:32:15,0.06125,10
2010-10-02 16:33:15,0.06125,32.73
2010-10-02 16:33:59,0.0614,100
2010-10-02 16:37:58,0.061395,500
2010-10-02 18:10:10,0.06129,16.08
2010-10-02 21:34:22,0.0614,78
2010-10-02 22:05:23,0.0614,355.186
2010-10-02 23:07:42,0.0614,50
2010-10-03 03:35:13,0.061395,100
2010-10-03 03:36:05,0.0614,100
2010-10-03 03:36:57,0.0614,10
2010-10-03 03:37:02,0.0614,100
2010-10-03 03:37:29,0.0614,100
2010-10-03 03:37:33,0.0614,100
2010-10-03 03:38:15,0.0614,900
2010-10-03 03:38:31,0.0614,70
2010-10-03 06:03:55,0.0614,10
2010-10-03 06:13:25,0.0614,300
2010-10-03 10:00:17,0.06123,50
2010-10-03 12:40:16,0.061375,200
2010-10-03 14:11:44,0.0614,3100
2010-10-03 14:27:51,0.06131,9.949
2010-10-03 14:42:17,0.06129,1.051
2010-10-03 14:42:40,0.0614,10
2010-10-03 14:56:50,0.061385,100
2010-10-03 14:57:11,0.0614,20
2010-10-03 17:49:04,0.061315,37.898
2010-10-03 17:49:45,0.06121,100
2010-10-03 17:49:59,0.06111,687
2010-10-03 17:50:48,0.06101,147
2010-10-03 18:02:40,0.061075,164.735
2010-10-03 18:55:59,0.061175,685
2010-10-03 22:39:15,0.06111,1.265
2010-10-03 22:39:22,0.061,48.735
2010-10-03 22:57:00,0.06111,20
2010-10-04 02:16:46,0.061262,7980.177
2010-10-04 02:17:26,0.0614,82.452
2010-10-04 02:19:43,0.0614,387.054
2010-10-04 02:19:55,0.0614,0.065
2010-10-04 07:32:53,0.06131,10
2010-10-04 07:59:43,0.06117,1000
2010-10-04 08:17:59,0.0610833333333333,1462
2010-10-04 11:26:16,0.06129,961
2010-10-04 11:35:32,0.06129,1000
2010-10-04 11:36:11,0.0613,31.76
2010-10-04 11:37:03,0.0614,1000
2010-10-04 11:37:10,0.0614,371.087
2010-10-04 11:37:38,0.0615,10
2010-10-04 11:37:56,0.0618,78
2010-10-04 11:38:15,0.061895,1000
2010-10-04 11:38:57,0.0619,7.093
2010-10-04 11:39:03,0.062,1000
2010-10-04 11:39:49,0.062,222.5
2010-10-04 12:02:42,0.06191,0.485
2010-10-04 12:56:31,0.0610428571428571,5709.965
2010-10-04 12:57:29,0.061,40
2010-10-04 13:58:11,0.06088,20
2010-10-04 14:18:59,0.06084,161.21
2010-10-04 20:13:40,0.0611,214
2010-10-04 20:13:58,0.060855,9000
2010-10-04 21:30:43,0.06124,197.605
2010-10-04 21:56:49,0.06131,2.395
2010-10-04 22:24:43,0.061275,500
2010-10-04 23:14:23,0.0612,49.4
2010-10-04 23:15:00,0.0613,55.57
2010-10-04 23:15:07,0.06129,0.016
2010-10-04 23:56:09,0.061295,1441.535
2010-10-05 00:35:29,0.06136,1564
2010-10-05 04:34:28,0.06116,100
2010-10-05 04:34:49,0.061,100
2010-10-05 04:36:58,0.06139,10
2010-10-05 04:37:07,0.06139,10
2010-10-05 04:37:16,0.06139,17
2010-10-05 05:28:35,0.0617566666666667,6000
2010-10-05 05:29:01,0.062,280
2010-10-05 05:29:23,0.062,15
2010-10-05 05:33:06,0.061995,400
2010-10-05 05:33:41,0.062,64.444
2010-10-05 06:47:10,0.063,0.556
2010-10-05 06:47:35,0.0611033333333333,1310.574
2010-10-05 07:11:24,0.06195,10
2010-10-05 07:43:19,0.06101,292
2010-10-05 10:39:57,0.06099,400
2010-10-05 10:40:07,0.060985,400
2010-10-05 11:49:44,0.06096,10
2010-10-05 11:53:46,0.06095,10
2010-10-05 12:20:02,0.06097,1000
2010-10-05 12:20:03,0.06191,33.76
2010-10-05 12:20:15,0.06099,1000
2010-10-05 12:21:36,0.06099,1000
2010-10-05 12:21:43,0.06099,1000
2010-10-05 12:22:21,0.06099,130.565
2010-10-05 12:23:22,0.062,596
2010-10-05 12:43:04,0.06199,1000
2010-10-05 12:43:15,0.062,1000
2010-10-05 12:43:22,0.062,1000
2010-10-05 12:43:26,0.062,1000
2010-10-05 12:43:45,0.062,694
2010-10-05 12:57:57,0.062,636.071
2010-10-05 12:58:08,0.0622,400
2010-10-05 12:58:18,0.0622866666666667,110
2010-10-05 12:58:25,0.0625,20
2010-10-05 12:58:36,0.0627,650.42
2010-10-05 13:00:32,0.06275,50
2010-10-05 13:00:41,0.06289,100
2010-10-05 13:00:50,0.06289,4.07
2010-10-05 13:00:55,0.063,1000
2010-10-05 13:01:02,0.063,1000
2010-10-05 13:01:11,0.063,668.608
2010-10-05 13:23:31,0.062505,20.159
2010-10-05 15:28:03,0.061505,100.144
2010-10-05 15:29:05,0.0611,107.19
2010-10-05 15:29:31,0.061005,462.66
2010-10-05 16:59:57,0.06124,25
2010-10-05 18:17:22,0.06112,35
2010-10-05 18:22:46,0.061505,1500
2010-10-05 18:23:04,0.0619,32.952
2010-10-05 18:26:05,0.06189,38.44
2010-10-05 18:27:45,0.06105,38
2010-10-05 19:10:08,0.0617,10
2010-10-05 20:42:51,0.06152,10
2010-10-05 20:50:50,0.061715,50
2010-10-05 21:43:43,0.0614,10
2010-10-06 04:04:19,0.061475,63.36
2010-10-06 04:07:43,0.0619525,6000
2010-10-06 06:30:45,0.06169,10
2010-10-06 06:32:08,0.062,750
2010-10-06 06:42:36,0.062,2000
2010-10-06 06:53:49,0.062,340
2010-10-06 09:57:00,0.061805,30
2010-10-06 09:57:16,0.061505,2087.482
2010-10-06 09:57:30,0.0612,100
2010-10-06 09:59:39,0.061995,2220
2010-10-06 13:37:21,0.062791,2114.803
2010-10-06 13:39:08,0.06318,30.934
2010-10-06 14:11:46,0.0632128571428571,1555
2010-10-06 15:24:31,0.06318,28.15
2010-10-06 15:25:26,0.0633,400
2010-10-06 15:29:13,0.06322,10
2010-10-06 16:16:27,0.06321,146.85
2010-10-06 18:11:53,0.0627,10.575
2010-10-06 18:35:20,0.06274,10
2010-10-06 19:40:21,0.06279,16
2010-10-06 20:15:30,0.06285,1500
2010-10-06 20:15:48,0.0629,25
2010-10-06 20:51:19,0.0632425,3800
2010-10-06 20:51:46,0.06286,16
2010-10-06 21:00:43,0.06279,997.145
2010-10-06 21:06:56,0.062815,4000
2010-10-06 21:08:54,0.06348,82
2010-10-06 22:31:31,0.06348,50
2010-10-06 22:31:39,0.06348,10
2010-10-06 22:31:45,0.06348,10
2010-10-06 22:40:45,0.06346,100
2010-10-06 22:40:50,0.06347,100
2010-10-06 22:40:56,0.06348,100
2010-10-06 22:40:59,0.06348,100
2010-10-06 22:41:02,0.06349,100
2010-10-06 22:41:04,0.0635,100
2010-10-06 22:41:06,0.0635,100
2010-10-06 22:41:09,0.0635,100
2010-10-06 22:41:11,0.0635,100
2010-10-06 22:41:13,0.0635,100
2010-10-06 22:41:15,0.0635,100
2010-10-06 22:41:17,0.0635,100
2010-10-06 22:41:19,0.0635,100
2010-10-06 22:41:21,0.0635,100
2010-10-06 22:41:23,0.0635,100
2010-10-06 23:01:09,0.06331,9.793
2010-10-06 23:01:34,0.06281,3490.21
2010-10-06 23:02:13,0.06281,20
2010-10-07 00:18:11,0.06316,29.358
2010-10-07 00:19:19,0.06296,10
2010-10-07 03:39:50,0.0629,1700
2010-10-07 03:40:50,0.062815,1500
2010-10-07 04:27:25,0.063334,3000
2010-10-07 04:27:53,0.0635,53
2010-10-07 06:10:55,0.06302,138.5
2010-10-07 06:15:06,0.062815,161.015
2010-10-07 06:25:48,0.06326,200
2010-10-07 10:29:01,0.0633,230.91
2010-10-07 11:34:29,0.06337,18
2010-10-07 15:12:19,0.063485,200
2010-10-07 16:10:03,0.0633,10
2010-10-07 17:17:11,0.063056,1000
2010-10-07 17:20:19,0.0634,10
2010-10-07 17:20:37,0.0635,293.455
2010-10-07 17:20:51,0.0637,100
2010-10-07 17:20:54,0.0637,100
2010-10-07 17:20:55,0.0637,25
2010-10-07 17:21:55,0.06377,600
2010-10-07 17:21:59,0.063795,600
2010-10-07 17:22:02,0.0638,600
2010-10-07 17:22:04,0.0638,600
2010-10-07 17:22:07,0.0638,600
2010-10-07 17:22:09,0.0638,600
2010-10-07 17:22:11,0.0638,600
2010-10-07 17:22:12,0.0638,600
2010-10-07 17:22:14,0.0638,600
2010-10-07 17:22:22,0.0638,93.872
2010-10-07 17:22:33,0.0638,0.016
2010-10-07 21:15:02,0.06312,40
2010-10-07 21:15:03,0.06309,20
2010-10-07 21:21:13,0.06367,102
2010-10-07 21:26:45,0.063785,235.23
2010-10-07 21:27:05,0.06399,3562.47
2010-10-07 21:27:41,0.0641,50
2010-10-07 21:45:28,0.06450125,19296
2010-10-07 21:48:42,0.0649,184.31
2010-10-07 21:50:40,0.0649993333333333,2595.635
2010-10-07 21:59:27,0.065495,20
2010-10-07 22:24:01,0.0655,48.805
2010-10-07 22:25:02,0.06599,182
2010-10-07 22:34:40,0.06509,20
2010-10-07 22:42:05,0.065995,1607.405
2010-10-07 22:42:49,0.0665,50
2010-10-07 22:43:04,0.06667,300
2010-10-07 22:43:24,0.06699,500
2010-10-07 22:48:09,0.06602,10
2010-10-07 22:54:18,0.066998,576
2010-10-07 23:09:45,0.067,20
2010-10-08 01:04:31,0.067,1000
2010-10-08 01:39:27,0.067,1854.73
2010-10-08 01:41:40,0.0674,17
2010-10-08 01:42:54,0.0677,100
2010-10-08 01:43:15,0.06799,500
2010-10-08 01:43:28,0.068,500
2010-10-08 01:43:32,0.068,500
2010-10-08 01:43:48,0.068,500
2010-10-08 01:43:51,0.068,256.54
2010-10-08 01:43:59,0.06899,500
2010-10-08 01:44:13,0.069,500
2010-10-08 01:44:18,0.069,500
2010-10-08 01:44:24,0.069,500
2010-10-08 01:44:27,0.069,198.24
2010-10-08 01:44:48,0.07,500
2010-10-08 01:44:52,0.07,500
2010-10-08 01:45:20,0.07001,20
2010-10-08 01:45:37,0.07001,20
2010-10-08 01:46:34,0.07,500
2010-10-08 01:46:42,0.07,500
2010-10-08 01:46:46,0.07,500
2010-10-08 01:46:59,0.07,382.35
2010-10-08 01:54:49,0.0745426315789474,7000
2010-10-08 02:07:39,0.076,100
2010-10-08 02:08:34,0.077,2500
2010-10-08 02:50:03,0.07608,20
2010-10-08 03:30:55,0.07616,80
2010-10-08 03:31:39,0.076,100
2010-10-08 03:44:29,0.07202,13
2010-10-08 03:47:04,0.070842,2273.33
2010-10-08 03:55:52,0.07613,10
2010-10-08 04:38:43,0.07202,500
2010-10-08 05:35:33,0.0695,121.76
2010-10-08 07:13:51,0.07029,161
2010-10-08 07:14:23,0.0701,314.808
2010-10-08 07:17:40,0.0703,100
2010-10-08 07:17:55,0.0705,100
2010-10-08 07:18:06,0.071,920.18
2010-10-08 07:22:57,0.071,100
2010-10-08 08:05:21,0.070955,1000
2010-10-08 08:05:34,0.071,1000
2010-10-08 08:05:43,0.0713333333333333,1000
2010-10-08 08:05:50,0.0725,114.17
2010-10-08 08:14:56,0.07301,100
2010-10-08 08:24:48,0.07303,0.002
2010-10-08 08:36:06,0.07303,1980
2010-10-08 08:42:00,0.073005,3000
2010-10-08 08:44:11,0.073,4000
2010-10-08 08:45:28,0.073005,2000
2010-10-08 08:47:02,0.073,1600
2010-10-08 08:52:51,0.07339,20
2010-10-08 08:56:34,0.07301,5000
2010-10-08 10:44:31,0.07339,260
2010-10-08 10:54:54,0.073385,1252.425
2010-10-08 11:03:46,0.07342,115.15
2010-10-08 11:04:02,0.073,34.85
2010-10-08 11:19:38,0.073975,123
2010-10-08 11:54:47,0.0731,100
2010-10-08 12:06:48,0.073065,6022
2010-10-08 13:15:10,0.07347,501.25
2010-10-08 13:15:20,0.0737,296
2010-10-08 13:15:25,0.074,117
2010-10-08 13:15:27,0.0742,210
2010-10-08 13:15:29,0.075,185.509
2010-10-08 13:15:38,0.075,0.027
2010-10-08 13:48:16,0.0732,136.5
2010-10-08 13:48:53,0.073,2146.148
2010-10-08 15:11:26,0.07477,100.625
2010-10-08 15:11:32,0.075,514.464
2010-10-08 15:11:38,0.076,2583.094
2010-10-08 15:15:18,0.076,21
2010-10-08 15:24:58,0.076,10
2010-10-08 16:03:52,0.076,1900
2010-10-08 16:12:30,0.076,3800
2010-10-08 16:14:09,0.076,10000
2010-10-08 16:14:49,0.076,1785.906
2010-10-08 16:15:36,0.076795,750
2010-10-08 16:17:18,0.0768,225
2010-10-08 16:38:40,0.076795,1800
2010-10-08 16:39:11,0.0768,92
2010-10-08 17:19:09,0.0780146666666667,3505.495
2010-10-08 17:21:28,0.0809966666666667,2700
2010-10-08 17:29:10,0.08001,5000
2010-10-08 17:30:12,0.080895,200
2010-10-08 17:38:39,0.081,14.82
2010-10-08 17:41:24,0.081005,500
2010-10-08 17:41:38,0.081,500
2010-10-08 17:41:42,0.081,500
2010-10-08 17:41:47,0.081,500
2010-10-08 17:41:51,0.081,500
2010-10-08 17:41:53,0.081,500
2010-10-08 17:41:56,0.081,500
2010-10-08 17:41:59,0.081,436
2010-10-08 17:48:16,0.082798,4000
2010-10-08 17:49:51,0.083,30
2010-10-08 17:50:15,0.08399,100
2010-10-08 17:53:02,0.084,100
2010-10-08 17:54:29,0.085,1150.005
2010-10-08 17:55:16,0.085995,200
2010-10-08 17:56:00,0.087,100
2010-10-08 17:56:13,0.085015,2448.81
2010-10-08 17:57:06,0.088,10
2010-10-08 18:01:06,0.085015,545.685
2010-10-08 18:02:30,0.08499,654.315
2010-10-08 18:02:35,0.08502,150.668
2010-10-08 18:03:01,0.087,1900
2010-10-08 18:03:22,0.0879966666666667,800
2010-10-08 18:04:31,0.088,4750
2010-10-08 18:08:56,0.08799,65
2010-10-08 18:21:59,0.08754,65.71
2010-10-08 18:46:26,0.082265,3000
2010-10-08 19:46:24,0.08012,22
2010-10-08 19:48:57,0.08111,20
2010-10-08 19:51:13,0.08013,134.5
2010-10-08 19:52:16,0.08,350
2010-10-08 19:52:27,0.08,10000
2010-10-08 19:56:43,0.08109,67
2010-10-08 20:14:50,0.0856516666666667,5000
2010-10-08 20:36:24,0.08795,20
2010-10-08 21:13:38,0.08794,2000
2010-10-08 21:15:04,0.01,100
2010-10-08 21:24:28,0.087,100
2010-10-08 21:34:27,0.08602,100
2010-10-08 21:35:43,0.086005,200
2010-10-08 21:36:00,0.085,100
2010-10-08 21:36:47,0.084,100
2010-10-08 21:41:07,0.08301,10
2010-10-08 21:42:04,0.08301,10
2010-10-08 21:42:35,0.083985,1000
2010-10-08 21:43:09,0.08399,500
2010-10-08 22:04:27,0.08397,59.88
2010-10-08 23:15:07,0.08686,57.67
2010-10-08 23:19:03,0.08513,0.001
2010-10-08 23:47:06,0.08519,29.999
2010-10-08 23:48:01,0.085,15.33
2010-10-08 23:48:48,0.085,15.33
2010-10-08 23:48:51,0.085,15.33
2010-10-08 23:48:52,0.085,15.33
2010-10-08 23:48:53,0.085,15.33
2010-10-08 23:48:54,0.085,15.33
2010-10-08 23:48:55,0.085,15.33
2010-10-08 23:49:02,0.085,122.69
2010-10-08 23:49:27,0.084,200
2010-10-08 23:49:51,0.083,1000
2010-10-08 23:49:53,0.083,1000
2010-10-08 23:50:15,0.083005,675.33
2010-10-08 23:50:31,0.086845,115.34
2010-10-09 00:38:06,0.08374,3800
2010-10-09 00:49:19,0.08301,1000
2010-10-09 00:54:26,0.083005,1000
2010-10-09 01:04:12,0.08497,10
2010-10-09 01:04:17,0.08497,100
2010-10-09 01:05:27,0.08498,1187.08
2010-10-09 01:05:50,0.086,10
2010-10-09 01:06:04,0.0875,20
2010-10-09 01:07:27,0.0875,20
2010-10-09 01:57:02,0.08501,10000
2010-10-09 01:57:23,0.0874,181.79
2010-10-09 01:57:29,0.0875,1460
2010-10-09 01:57:35,0.088,2000
2010-10-09 01:57:40,0.088,2000
2010-10-09 01:57:43,0.088,15.295
2010-10-09 01:57:45,0.0886,2000
2010-10-09 01:57:52,0.0886,1769.98
2010-10-09 01:58:23,0.089,345
2010-10-09 01:58:33,0.09,100
2010-10-09 02:03:27,0.085005,361
2010-10-09 02:03:38,0.083,1000
2010-10-09 02:03:40,0.083,1000
2010-10-09 02:03:42,0.083,1000
2010-10-09 02:04:03,0.089995,1000
2010-10-09 02:04:06,0.09,1000
2010-10-09 02:05:23,0.0830025,13000
2010-10-09 02:05:33,0.0899975,13000
2010-10-09 02:05:56,0.09,87.46
2010-10-09 02:05:58,0.091,100
2010-10-09 02:05:59,0.091,100
2010-10-09 02:06:00,0.0913,100
2010-10-09 02:06:01,0.0913,100
2010-10-09 02:06:02,0.092,100
2010-10-09 02:06:03,0.092,100
2010-10-09 02:06:04,0.093,100
2010-10-09 02:06:05,0.093,100
2010-10-09 02:06:06,0.094,100
2010-10-09 02:06:07,0.094,100
2010-10-09 02:06:08,0.095,100
2010-10-09 02:06:09,0.095,100
2010-10-09 02:06:10,0.095,25
2010-10-09 02:07:04,0.083,1000
2010-10-09 02:07:09,0.096,100
2010-10-09 02:07:13,0.096,100
2010-10-09 02:07:14,0.097,200
2010-10-09 02:07:16,0.098,200
2010-10-09 02:07:17,0.099,200
2010-10-09 02:07:18,0.1,200
2010-10-09 02:08:47,0.09601,20
2010-10-09 02:09:58,0.083,1000
2010-10-09 02:10:07,0.0999966666666667,200
2010-10-09 02:10:10,0.1,200
2010-10-09 02:10:35,0.1,200
2010-10-09 02:10:36,0.1,17.415
2010-10-09 02:10:39,0.11,200
2010-10-09 02:10:40,0.11,200
2010-10-09 02:10:41,0.12,180.777
2010-10-09 02:11:15,0.08301,100
2010-10-09 02:11:30,0.083005,600
2010-10-09 02:13:09,0.12,10
2010-10-09 02:13:34,0.12001,19.223
2010-10-09 02:23:20,0.10001,182.585
2010-10-09 02:41:05,0.09995,20
2010-10-09 02:52:22,0.09005,100
2010-10-09 02:55:48,0.09011,20
2010-10-09 02:56:15,0.09,180
2010-10-09 02:57:33,0.09,9820
2010-10-09 03:00:19,0.084005,40
2010-10-09 03:00:20,0.083,493
2010-10-09 03:00:22,0.081,100
2010-10-09 03:00:23,0.08,1000
2010-10-09 03:00:24,0.08,100
2010-10-09 03:00:26,0.07601,0.395
2010-10-09 03:00:27,0.075,100
2010-10-09 03:00:28,0.072,20
2010-10-09 03:00:29,0.0711,1000
2010-10-09 03:00:30,0.0711,1000
2010-10-09 03:00:31,0.0711,1000
2010-10-09 03:00:36,0.0711,2000
2010-10-09 03:00:38,0.0711,2000
2010-10-09 03:00:39,0.0711,2000
2010-10-09 03:00:41,0.0711,1000
2010-10-09 03:05:00,0.0853333333333333,533
2010-10-09 03:07:40,0.090015,9613
2010-10-09 03:10:52,0.075005,100
2010-10-09 03:12:06,0.07502,43.5
2010-10-09 03:12:08,0.0711,200
2010-10-09 03:31:17,0.07709,21.5
2010-10-09 03:31:22,0.077,100
2010-10-09 03:32:22,0.07701,10
2010-10-09 03:32:39,0.077005,18.5
2010-10-09 03:33:54,0.07706,300
2010-10-09 03:33:56,0.089,500
2010-10-09 03:35:45,0.07509,500
2010-10-09 03:46:10,0.08691,98.25
2010-10-09 03:49:36,0.08598,100
2010-10-09 03:51:21,0.08201,50
2010-10-09 03:51:52,0.083,50
2010-10-09 03:52:00,0.083,50
2010-10-09 03:52:03,0.083,50
2010-10-09 03:52:04,0.08301,50
2010-10-09 03:55:18,0.084,50
2010-10-09 03:55:23,0.084,50
2010-10-09 03:57:59,0.0850033333333333,300
2010-10-09 03:59:24,0.08308,50
2010-10-09 04:01:31,0.08307,50
2010-10-09 04:02:27,0.08899,100
2010-10-09 04:05:02,0.08501,100
2010-10-09 04:06:50,0.08249,300
2010-10-09 04:07:23,0.08899,20
2010-10-09 04:13:21,0.08502,100
2010-10-09 04:16:56,0.08299,100
2010-10-09 04:18:21,0.0807675,800
2010-10-09 04:20:24,0.087,100
2010-10-09 04:24:22,0.086005,200
2010-10-09 04:24:31,0.079,100
2010-10-09 04:25:50,0.079005,1013
2010-10-09 04:28:48,0.08,100
2010-10-09 04:30:27,0.08,10
2010-10-09 04:31:14,0.079995,20
2010-10-09 04:34:22,0.080985,20
2010-10-09 04:34:56,0.082,10
2010-10-09 04:35:02,0.0845,60
2010-10-09 04:39:28,0.08206,50
2010-10-09 04:44:03,0.0834666666666667,1020
2010-10-09 04:44:35,0.08259,10
2010-10-09 04:56:50,0.0869,10
2010-10-09 04:56:51,0.087,10
2010-10-09 04:56:52,0.08899,180
2010-10-09 04:56:54,0.09,1000
2010-10-09 04:56:58,0.09,874.5
2010-10-09 04:59:08,0.09002,356.5
2010-10-09 06:55:26,0.080515,574.5
2010-10-09 07:03:42,0.07996,2000
2010-10-09 07:04:13,0.079995,380.62
2010-10-09 07:22:02,0.08481,1000
2010-10-09 07:22:21,0.08482,282
2010-10-09 07:36:29,0.08468,10
2010-10-09 07:39:31,0.084985,20
2010-10-09 07:47:48,0.08482,146.5
2010-10-09 07:51:43,0.08473,812
2010-10-09 08:16:20,0.07999,10
2010-10-09 08:17:08,0.07999,10
2010-10-09 08:18:10,0.07999,100
2010-10-09 08:19:06,0.07999,100
2010-10-09 08:20:07,0.07999,100
2010-10-09 08:21:06,0.07999,100
2010-10-09 08:22:10,0.07999,127.77
2010-10-09 08:23:09,0.07999,63.885
2010-10-09 08:24:08,0.07999,31.945
2010-10-09 08:25:08,0.07999,15.97
2010-10-09 08:31:09,0.08601,100
2010-10-09 08:32:12,0.08601,100
2010-10-09 08:33:05,0.08601,100
2010-10-09 08:34:06,0.08601,100
2010-10-09 08:35:06,0.08601,145
2010-10-09 08:35:55,0.079,0.003
2010-10-09 08:39:05,0.07909,100
2010-10-09 08:40:07,0.07909,200
2010-10-09 08:41:03,0.07909,130.485
2010-10-09 08:42:04,0.07909,65.245
2010-10-09 08:44:04,0.07909,32.62
2010-10-09 08:47:08,0.07919,16.31
2010-10-09 08:48:04,0.08691,319.5
2010-10-09 08:49:05,0.08691,160
2010-10-09 08:50:05,0.08691,80
2010-10-09 08:52:05,0.07909,287.905
2010-10-09 08:53:05,0.08691,171
2010-10-09 08:56:04,0.07909,229.455
2010-10-09 08:57:04,0.08691,190
2010-10-09 08:58:04,0.07909,209.725
2010-10-09 08:59:04,0.08691,190.5
2010-10-09 09:00:04,0.07909,200.115
2010-10-09 09:01:03,0.08691,186
2010-10-09 09:02:06,0.07909,193.055
2010-10-09 09:03:04,0.08691,181
2010-10-09 09:04:04,0.07909,187.03
2010-10-09 09:05:04,0.08691,175.5
2010-10-09 09:06:04,0.07909,181.265
2010-10-09 09:07:04,0.08691,170.5
2010-10-09 09:08:04,0.07909,175.88
2010-10-09 09:09:20,0.08691,165
2010-10-09 09:11:04,0.07909,170.44
2010-10-09 09:13:05,0.08696,160
2010-10-09 09:14:03,0.07904,165.22
2010-10-09 09:15:04,0.07904,82.61
2010-10-09 09:17:05,0.07906,200
2010-10-09 09:20:04,0.07904,141.305
2010-10-09 09:21:03,0.08696,166
2010-10-09 09:22:04,0.07904,153.655
2010-10-09 09:23:03,0.08696,153
2010-10-09 09:24:04,0.07904,153.325
2010-10-09 09:25:03,0.08695,146
2010-10-09 09:29:04,0.07919,149.665
2010-10-09 09:30:03,0.07919,74.83
2010-10-09 09:31:05,0.08496,179.5
2010-10-09 09:32:04,0.07914,127.165
2010-10-09 09:33:04,0.08496,149
2010-10-09 09:34:04,0.07924,138.085
2010-10-09 09:36:05,0.08496,138.5
2010-10-09 09:37:03,0.07924,138.29
2010-10-09 09:38:03,0.08496,134
2010-10-09 09:42:04,0.07944,136.145
2010-10-09 09:43:04,0.08496,130.5
2010-10-09 09:44:03,0.07954,133.325
2010-10-09 09:48:03,0.07974,66.66
2010-10-09 09:49:04,0.07974,33.33
2010-10-09 09:52:04,0.08496,174.5
2010-10-09 09:53:03,0.07994,103.915
2010-10-09 09:54:03,0.07994,51.96
2010-10-09 09:55:03,0.08496,161
2010-10-09 09:56:57,0.080005,200
2010-10-09 09:58:03,0.08004,148.98
2010-10-09 11:38:07,0.08102,0.002
2010-10-09 12:25:19,0.0784,4000
2010-10-09 12:47:51,0.076855,5000
2010-10-09 16:08:21,0.0758,40
2010-10-09 17:04:23,0.0714790909090909,870
2010-10-09 17:20:57,0.07001,31
2010-10-09 17:28:44,0.07619,31
2010-10-09 17:28:59,0.07621,699
2010-10-09 17:48:47,0.07431,500
2010-10-09 18:01:48,0.0763333333333333,9015.49
2010-10-09 18:04:18,0.07952,5000
2010-10-09 18:06:06,0.070035,1007
2010-10-09 18:09:05,0.08,70.5
2010-10-09 18:15:10,0.08001,20
2010-10-09 18:18:10,0.081,100
2010-10-09 18:21:27,0.08001,986.31
2010-10-09 18:23:21,0.08001,100
2010-10-09 18:26:11,0.0898069230769231,9340.315
2010-10-09 18:39:50,0.105,15
2010-10-09 18:45:49,0.102,345
2010-10-09 18:55:29,0.09995,7500
2010-10-09 18:56:19,0.1,109.95
2010-10-09 19:23:49,0.091,100
2010-10-09 19:27:14,0.091,5.001
2010-10-09 19:50:46,0.092,160
2010-10-09 20:06:09,0.097,3000
2010-10-09 20:06:36,0.097,20
2010-10-09 20:07:08,0.0921,992
2010-10-09 20:16:52,0.092,8000
2010-10-09 20:21:09,0.09209,8
2010-10-09 20:21:50,0.096995,4951.448
2010-10-09 20:25:26,0.092,1000
2010-10-09 20:56:09,0.09201,100
2010-10-09 21:23:34,0.09201,100
2010-10-09 21:24:37,0.09201,50
2010-10-09 21:26:09,0.09201,600
2010-10-09 21:37:50,0.09201,227
2010-10-09 21:41:06,0.09201,75
2010-10-09 21:49:14,0.092,10
2010-10-09 21:49:31,0.092,10
2010-10-09 21:49:33,0.092,10
2010-10-09 21:49:35,0.092,10
2010-10-09 21:49:37,0.092,10
2010-10-09 21:49:38,0.092,10
2010-10-09 21:49:40,0.092,10
2010-10-09 21:49:41,0.092,10
2010-10-09 21:49:42,0.092,10
2010-10-09 21:49:43,0.092,10
2010-10-09 21:49:46,0.092,10
2010-10-09 21:50:25,0.092,100
2010-10-09 21:52:33,0.092,400
2010-10-09 22:22:37,0.092,1000
2010-10-09 22:56:07,0.092,800
2010-10-09 23:07:17,0.0938,11
2010-10-10 00:14:15,0.093,20
2010-10-10 02:28:48,0.084,10
2010-10-10 04:24:27,0.084,490
2010-10-10 04:24:43,0.082,707
2010-10-10 09:35:59,0.09285,51
2010-10-10 11:29:20,0.0929,10
2010-10-10 11:42:37,0.0929,38.424
2010-10-10 12:22:09,0.0929,10
2010-10-10 13:16:35,0.0929,10
2010-10-10 13:25:32,0.0881,52
2010-10-10 13:26:21,0.07999,13.69
2010-10-10 13:27:57,0.0881,13.69
2010-10-10 13:54:55,0.0882,100
2010-10-10 14:35:25,0.0883,21.3
2010-10-10 14:37:34,0.0884,20
2010-10-10 14:54:18,0.0889,21.3
2010-10-10 15:03:11,0.09235,10435
2010-10-10 15:06:37,0.093,100
2010-10-10 15:44:41,0.093,1000
2010-10-10 17:27:27,0.0935,8000
2010-10-10 17:27:50,0.094,800
2010-10-10 17:28:00,0.094,700
2010-10-10 17:28:18,0.094,110
2010-10-10 17:28:43,0.094,12
2010-10-10 17:31:07,0.094,48.165
2010-10-10 17:34:17,0.094,1330
2010-10-10 17:43:29,0.09458,11192.811
2010-10-10 17:46:27,0.09,100
2010-10-10 17:48:16,0.111221428571429,1002
2010-10-10 17:53:44,0.09,447
2010-10-10 18:14:55,0.119,500
2010-10-10 18:16:15,0.119,300
2010-10-10 18:17:04,0.09,100
2010-10-10 18:19:43,0.119,192
2010-10-10 18:23:22,0.11901,18.996
2010-10-10 18:42:09,0.1264,1414.63
2010-10-10 18:48:43,0.1301,48.169
2010-10-10 19:28:10,0.1301,52.831
2010-10-10 19:28:17,0.13,0.37
2010-10-10 19:28:26,0.11901,489.004
2010-10-10 19:28:37,0.1044,1000
2010-10-10 19:28:45,0.1044,145
2010-10-10 20:22:02,0.101,200
2010-10-10 20:23:27,0.10439,25
2010-10-10 20:24:38,0.1,2145.76
2010-10-10 20:37:35,0.100005,3294.24
2010-10-10 20:40:06,0.095,2025
2010-10-10 20:43:31,0.1042,390
2010-10-10 20:54:14,0.09999,12.662
2010-10-10 21:10:56,0.1,440
2010-10-10 22:03:53,0.1,425.15
2010-10-10 22:56:35,0.1,100
2010-10-10 23:26:32,0.1,200
2010-10-10 23:59:16,0.0965,300
2010-10-11 00:01:37,0.091,45
2010-10-11 05:36:55,0.092,100
2010-10-11 09:42:06,0.0993166666666667,10000
2010-10-11 10:33:05,0.1,1151.71
2010-10-11 10:33:28,0.103,196.195
2010-10-11 14:02:39,0.09401,100
2010-10-11 15:25:18,0.09499,10
2010-10-11 15:26:33,0.09499,35
2010-10-11 16:42:07,0.09499,555
2010-10-11 20:33:48,0.095,1900
2010-10-12 01:16:28,0.094,11.1
2010-10-12 03:25:26,0.0943666666666667,1000
2010-10-12 04:21:59,0.094,8000
2010-10-12 04:29:44,0.0979,11.1
2010-10-12 04:29:48,0.098,1000
2010-10-12 04:30:33,0.0984,1989
2010-10-12 04:31:06,0.099,2000
2010-10-12 04:31:28,0.094,601.9
2010-10-12 04:31:31,0.092,25
2010-10-12 04:31:34,0.0918,50
2010-10-12 04:31:42,0.091,106
2010-10-12 04:31:47,0.09,675
2010-10-12 04:32:13,0.089,100
2010-10-12 04:32:15,0.0881,1000
2010-10-12 04:32:25,0.0881,1000
2010-10-12 04:32:29,0.0881,1000
2010-10-12 04:46:48,0.0925,840
2010-10-12 04:47:19,0.0881,834.31
2010-10-12 04:47:46,0.0831,150
2010-10-12 04:47:53,0.083,10
2010-10-12 05:04:46,0.084,10
2010-10-12 06:06:07,0.085,10
2010-10-12 06:10:12,0.092,36
2010-10-12 06:10:56,0.0925,22.754
2010-10-12 06:18:50,0.08401,10
2010-10-12 06:18:52,0.082,10
2010-10-12 07:30:49,0.085,10
2010-10-12 08:36:45,0.092,25.932
2010-10-12 08:40:13,0.092,274.068
2010-10-12 08:42:20,0.0925,100
2010-10-12 08:42:27,0.0925,100
2010-10-12 08:42:32,0.0925,100
2010-10-12 08:42:35,0.0925,100
2010-10-12 08:42:36,0.0925,100
2010-10-12 08:42:38,0.0925,100
2010-10-12 08:42:40,0.0925,100
2010-10-12 08:42:42,0.0925,100
2010-10-12 08:42:44,0.0925,100
2010-10-12 08:42:46,0.0925,100
2010-10-12 08:42:47,0.0925,100
2010-10-12 08:42:49,0.0925,100
2010-10-12 08:42:54,0.0925,100
2010-10-12 08:42:56,0.0925,100
2010-10-12 08:42:58,0.0925,100
2010-10-12 08:43:00,0.0925,100
2010-10-12 08:43:02,0.0925,100
2010-10-12 08:43:04,0.0925,100
2010-10-12 08:43:07,0.0925,100
2010-10-12 08:43:11,0.0925,100
2010-10-12 08:43:13,0.0925,100
2010-10-12 08:43:16,0.0925,100
2010-10-12 08:43:20,0.0925,100
2010-10-12 08:43:23,0.0925,100
2010-10-12 08:43:25,0.0925,100
2010-10-12 08:43:28,0.0925,100
2010-10-12 08:43:32,0.0925,100
2010-10-12 08:43:34,0.0925,100
2010-10-12 08:43:36,0.0925,100
2010-10-12 08:43:38,0.0925,81.556
2010-10-12 10:58:24,0.095,58.75
2010-10-12 10:58:37,0.096,22.258
2010-10-12 11:26:09,0.092,10
2010-10-12 11:55:42,0.096,66
2010-10-12 18:52:00,0.093,53
2010-10-12 18:52:24,0.092,100
2010-10-12 18:52:36,0.092,100
2010-10-12 18:52:40,0.092,100
2010-10-12 18:52:45,0.092,100
2010-10-12 18:52:46,0.092,100
2010-10-12 18:52:47,0.092,100
2010-10-12 18:52:48,0.092,47
2010-10-12 19:03:40,0.092,1000
2010-10-12 20:52:06,0.0949,0.021
2010-10-12 21:09:55,0.0949,10
2010-10-13 00:59:28,0.092,1000
2010-10-13 01:00:25,0.092,1700
2010-10-13 01:56:09,0.092,2180
2010-10-13 02:07:38,0.092,444
2010-10-13 04:15:48,0.092,666
2010-10-13 04:30:48,0.0938,10
2010-10-13 04:33:46,0.092,1010
2010-10-13 09:27:37,0.09202,3333
2010-10-13 11:13:36,0.092,310
2010-10-13 11:41:58,0.093,10
2010-10-13 11:42:02,0.093,12
2010-10-13 11:59:11,0.093,28
2010-10-13 13:57:36,0.09388,1600
2010-10-13 13:58:25,0.09388,4.76
2010-10-13 13:58:37,0.0946,9600
2010-10-13 14:11:14,0.09481,1000
2010-10-13 14:49:54,0.09484,6987
2010-10-13 15:08:45,0.09481,2000
2010-10-13 15:33:57,0.094905,100
2010-10-13 15:34:10,0.09491,100
2010-10-13 15:34:16,0.09491,100
2010-10-13 15:34:19,0.09491,100
2010-10-13 15:34:22,0.09491,100
2010-10-13 15:34:24,0.09491,100
2010-10-13 15:34:26,0.09491,100
2010-10-13 15:34:28,0.09491,100
2010-10-13 15:34:31,0.09491,100
2010-10-13 15:34:35,0.09491,100
2010-10-13 15:34:37,0.09491,100
2010-10-13 15:34:39,0.09491,100
2010-10-13 15:34:42,0.09491,100
2010-10-13 15:34:44,0.09491,100
2010-10-13 15:34:47,0.09491,100
2010-10-13 15:34:50,0.09491,34.979
2010-10-13 15:53:06,0.095,1000
2010-10-13 18:29:23,0.0979,1000
2010-10-13 18:35:31,0.09791,1000
2010-10-13 18:47:55,0.0986666666666667,135
2010-10-13 18:48:38,0.100444444444444,6728.86
2010-10-13 18:49:22,0.1027,49.995
2010-10-13 18:51:36,0.1027,500
2010-10-13 18:51:50,0.1027,500
2010-10-13 18:51:57,0.1027,43.871
2010-10-13 19:19:21,0.1,1000
2010-10-13 19:27:44,0.1,10
2010-10-13 20:17:45,0.10269,456.176
2010-10-13 22:22:43,0.10422,174.264
2010-10-13 22:23:08,0.104725,152.409
2010-10-13 22:26:00,0.105,1000
2010-10-13 22:26:12,0.105,160
2010-10-13 22:27:36,0.105,8.647
2010-10-13 22:39:34,0.105,208.304
2010-10-14 00:37:37,0.1045,250
2010-10-14 00:52:17,0.1,1000
2010-10-14 02:28:58,0.0976366666666667,16245.57
2010-10-14 03:32:50,0.10325,150
2010-10-14 14:46:03,0.101,42
2010-10-14 15:22:17,0.103,43.994
2010-10-14 15:22:25,0.101,1446.364
2010-10-14 15:23:03,0.065,9.77
2010-10-14 15:23:26,0.06849,73.18
2010-10-14 15:24:30,0.103,1700
2010-10-14 15:25:18,0.101,1776.67
2010-10-14 15:25:36,0.06849,6.28
2010-10-14 15:27:12,0.103,100
2010-10-14 15:27:30,0.06849,0.48
2010-10-14 15:27:45,0.06849,0.03
2010-10-14 15:28:07,0.06849,0.01
2010-10-14 15:28:19,0.101,106.28
2010-10-14 15:51:14,0.103,1804.951
2010-10-14 15:55:43,0.101,1628.686
2010-10-14 15:56:12,0.1,176.265
2010-10-14 17:15:09,0.1,1899
2010-10-14 17:21:06,0.1,500
2010-10-14 17:57:06,0.1,5000
2010-10-14 18:03:11,0.1,2000
2010-10-14 18:16:52,0.1,424.735
2010-10-14 18:40:28,0.09999,500
2010-10-14 18:47:50,0.09999,10
2010-10-14 18:47:57,0.09999,10
2010-10-14 18:47:58,0.09999,10
2010-10-14 18:47:59,0.09999,10
2010-10-14 18:48:00,0.09999,10
2010-10-14 18:48:01,0.09999,10
2010-10-14 18:48:02,0.09999,15.265
2010-10-14 19:21:38,0.1025,10
2010-10-14 19:21:40,0.1025,10
2010-10-14 19:21:41,0.1025,10
2010-10-14 19:21:43,0.1025,10
2010-10-14 19:21:45,0.1025,20
2010-10-14 19:21:47,0.1025,10
2010-10-14 19:21:48,0.1025,10
2010-10-14 19:21:49,0.1025,20
2010-10-14 19:21:50,0.1025,10
2010-10-14 19:21:51,0.1025,10
2010-10-14 19:21:52,0.1025,20
2010-10-14 19:21:53,0.1025,10
2010-10-14 19:21:54,0.1025,20
2010-10-14 20:20:57,0.1025,10
2010-10-14 20:20:58,0.1025,10
2010-10-14 20:21:00,0.1025,10
2010-10-14 20:21:01,0.1025,10
2010-10-14 20:21:02,0.1025,10
2010-10-14 20:21:18,0.1025,15.73
2010-10-14 20:21:27,0.1025,22
2010-10-14 21:01:26,0.102,0.02
2010-10-15 01:47:21,0.1,2000
2010-10-15 05:59:41,0.1,2000
2010-10-15 09:02:57,0.102,24
2010-10-15 12:33:39,0.102,975.98
2010-10-15 15:05:15,0.1,378.75
2010-10-15 15:35:10,0.101,576.61
2010-10-15 15:35:13,0.102,1000
2010-10-15 15:35:17,0.102,1000
2010-10-15 15:35:19,0.102,1000
2010-10-15 15:35:21,0.102,1000
2010-10-15 15:35:22,0.102,1000
2010-10-15 15:35:23,0.103,500
2010-10-15 15:36:01,0.104,10
2010-10-15 15:36:02,0.11,10
2010-10-15 16:20:52,0.11,1471.49
2010-10-15 16:29:02,0.115,12.66
2010-10-15 16:29:04,0.119,15
2010-10-15 16:31:22,0.11,0.003
2010-10-15 16:47:47,0.11,6248.507
2010-10-15 18:34:45,0.095,5135
2010-10-15 18:45:25,0.109,18.5
2010-10-15 19:00:31,0.0975,41
2010-10-15 21:28:18,0.0942,211
2010-10-15 21:41:44,0.10738,4.134
2010-10-15 22:54:28,0.105,10.7
2010-10-16 05:21:39,0.1,10
2010-10-16 11:55:28,0.10299,9.708
2010-10-16 18:17:10,0.10288,10
2010-10-16 18:40:57,0.10289,1168.3
2010-10-16 18:41:30,0.103,32.7
2010-10-16 18:41:44,0.103,199
2010-10-16 18:44:08,0.10001,3855
2010-10-16 20:32:24,0.101,1000
2010-10-17 01:01:21,0.102,14.7
2010-10-17 02:16:50,0.102,985.3
2010-10-17 02:42:09,0.10201,14.7
2010-10-17 10:35:26,0.10001,100
2010-10-17 11:11:08,0.102,297
2010-10-17 11:14:27,0.10001,6518.786
2010-10-17 11:15:39,0.103,8671.3
2010-10-17 13:50:15,0.1045,13.6
2010-10-17 15:17:22,0.1045,1400
2010-10-17 19:11:08,0.103,6.805
2010-10-17 20:43:53,0.102,50
2010-10-17 20:51:50,0.102,150
2010-10-18 02:22:35,0.103,19
2010-10-18 02:22:36,0.103,19
2010-10-18 03:15:35,0.102,981.5
2010-10-18 03:55:27,0.102,1000
2010-10-18 04:00:40,0.102,1385.3
2010-10-18 04:00:41,0.102,0.001
2010-10-18 12:04:00,0.102,345.258
2010-10-18 15:33:34,0.1002,50
2010-10-18 17:01:57,0.103,5743
2010-10-18 18:41:53,0.101,3102.9
2010-10-18 19:26:16,0.102,54.706
2010-10-18 19:26:19,0.102,0.01
2010-10-18 19:48:19,0.101,945.284
2010-10-18 21:37:45,0.0995125,12008
2010-10-18 22:57:13,0.1024,11.128
2010-10-19 05:05:03,0.1,10
2010-10-19 05:20:30,0.0973,10
2010-10-19 05:31:46,0.1018,1000
2010-10-19 05:53:58,0.09955,235
2010-10-19 11:01:47,0.1,10
2010-10-19 11:01:52,0.1019,10
2010-10-19 16:00:07,0.1,500
2010-10-19 17:00:27,0.1,1000
2010-10-19 18:08:08,0.101,1230
2010-10-19 22:09:51,0.1,10.1
2010-10-19 22:25:34,0.1,990
2010-10-19 22:32:48,0.0973,256.1
2010-10-19 22:33:26,0.097,973.9
2010-10-20 00:30:29,0.1,20
2010-10-20 00:31:01,0.097,20
2010-10-20 00:31:40,0.1,20
2010-10-20 00:32:01,0.097,20
2010-10-20 03:22:08,0.097,500
2010-10-20 03:31:00,0.097,399.82
2010-10-20 03:32:47,0.096,50.18
2010-10-20 03:33:48,0.096,29.82
2010-10-20 03:34:34,0.095,20.18
2010-10-20 03:39:47,0.095,79.82
2010-10-20 03:55:46,0.094,20.18
2010-10-20 04:21:50,0.094,100
2010-10-20 04:50:00,0.1,10
2010-10-20 05:06:07,0.099,237
2010-10-20 05:26:15,0.099,626
2010-10-20 05:26:17,0.099,626
2010-10-20 05:26:54,0.099,555
2010-10-20 05:26:56,0.099,555
2010-10-20 05:26:57,0.099,555
2010-10-20 05:26:59,0.099,555
2010-10-20 05:27:00,0.099,555
2010-10-20 05:27:04,0.099,206
2010-10-20 12:37:47,0.096,100
2010-10-20 14:07:47,0.096,50
2010-10-20 14:11:59,0.096,50
2010-10-20 16:59:00,0.096,100
2010-10-20 17:00:52,0.096,100
2010-10-20 17:01:04,0.096,50
2010-10-20 17:05:19,0.100980909090909,25604
2010-10-20 17:06:51,0.103,10
2010-10-20 18:44:36,0.0985,11
2010-10-20 21:12:12,0.099,20
2010-10-21 02:02:00,0.0972,150
2010-10-21 03:07:23,0.0972,50
2010-10-21 03:11:04,0.0972,50
2010-10-21 03:12:16,0.0972,230
2010-10-21 03:14:37,0.097,10
2010-10-21 04:51:01,0.0971,23
2010-10-21 08:29:24,0.100657142857143,5810
2010-10-21 12:03:36,0.101,160
2010-10-21 12:03:57,0.101,100
2010-10-21 12:05:12,0.101,100
2010-10-21 12:06:26,0.101,1000
2010-10-21 14:05:58,0.102636,19070
2010-10-21 15:34:37,0.103,397
2010-10-21 17:16:22,0.103,11603
2010-10-21 17:20:54,0.104,200
2010-10-21 17:24:07,0.1059875,5824
2010-10-21 22:02:05,0.107,90
2010-10-22 01:26:40,0.1015,90
2010-10-22 02:02:14,0.1015,1024
2010-10-22 09:00:09,0.105,544.5
2010-10-22 11:40:23,0.102,48.55
2010-10-22 11:46:08,0.105,374.441
2010-10-22 12:07:12,0.105,9600
2010-10-22 12:09:11,0.106,17500
2010-10-22 12:10:43,0.107,700
2010-10-22 14:29:20,0.107,20
2010-10-22 20:08:00,0.107,251.059
2010-10-22 20:10:09,0.10772,100
2010-10-22 20:10:11,0.10772,100
2010-10-22 20:10:14,0.10772,100
2010-10-22 20:10:16,0.10772,100
2010-10-22 20:10:17,0.10772,100
2010-10-22 20:10:19,0.10772,100
2010-10-22 20:10:22,0.10772,100
2010-10-22 20:10:23,0.10772,100
2010-10-22 20:10:25,0.10772,88
2010-10-22 20:11:08,0.108,57.87
2010-10-22 20:11:13,0.1089,200
2010-10-22 20:11:15,0.1089,200
2010-10-22 20:11:18,0.1089,200
2010-10-22 20:11:20,0.1089,200
2010-10-22 20:11:22,0.1089,200
2010-10-22 20:11:24,0.1089,200
2010-10-22 20:11:25,0.1089,200
2010-10-22 20:11:28,0.1089,200
2010-10-22 20:11:30,0.1089,200
2010-10-22 20:11:31,0.1089,200
2010-10-22 20:11:33,0.1089,200
2010-10-22 20:11:34,0.1089,200
2010-10-22 20:11:36,0.1089,156.86
2010-10-22 20:16:54,0.109,893.634
2010-10-22 21:50:38,0.105836666666667,54.995
2010-10-23 01:43:22,0.108333333333333,3000
2010-10-23 01:44:30,0.109,75
2010-10-23 02:01:15,0.109,20
2010-10-23 08:26:01,0.1085,45
2010-10-23 17:23:09,0.109,500
2010-10-23 17:23:17,0.109,500
2010-10-23 18:07:47,0.109,183.469
2010-10-23 18:14:08,0.10449,50
2010-10-23 18:14:19,0.1055,50
2010-10-24 00:17:45,0.108,179
2010-10-24 00:48:05,0.108,596
2010-10-24 00:53:52,0.108,500
2010-10-24 00:53:54,0.108,500
2010-10-24 00:53:55,0.108,500
2010-10-24 00:53:56,0.108,500
2010-10-24 00:53:58,0.108,500
2010-10-24 00:54:01,0.108,500
2010-10-24 00:54:04,0.108,500
2010-10-24 00:54:10,0.108,500
2010-10-24 00:54:14,0.108,500
2010-10-24 00:54:16,0.108,25
2010-10-24 03:20:16,0.109,1000
2010-10-24 03:20:23,0.11,2657.095
2010-10-24 04:00:55,0.11,286.905
2010-10-24 04:01:29,0.111,1000
2010-10-24 04:02:02,0.111,150
2010-10-24 04:02:47,0.115,50
2010-10-24 04:02:51,0.118,0.68
2010-10-24 04:03:44,0.12,1000
2010-10-24 04:04:35,0.12,900
2010-10-24 04:05:30,0.12,17.55
2010-10-24 06:34:52,0.140307692307692,1077
2010-10-24 07:19:03,0.19,10
2010-10-24 07:22:08,0.10899,5.291
2010-10-24 07:27:43,0.10899,4.709
2010-10-24 08:37:36,0.10906,10
2010-10-24 09:20:06,0.11,10
2010-10-24 11:36:40,0.119,10
2010-10-24 11:37:08,0.1195,12
2010-10-24 11:37:23,0.19,160
2010-10-24 14:28:42,0.11,79
2010-10-24 17:35:06,0.12,10
2010-10-24 17:35:11,0.16,10
2010-10-24 19:08:16,0.11,10
2010-10-24 20:17:00,0.13,20
2010-10-24 21:38:09,0.11501,10
2010-10-25 01:45:26,0.09009,133.1
2010-10-25 01:45:53,0.11501,230
2010-10-25 01:46:04,0.09009,21.4
2010-10-25 01:56:29,0.13,10
2010-10-25 03:38:01,0.09009,10
2010-10-25 03:38:45,0.09009,40
2010-10-25 12:10:41,0.118,360.266
2010-10-25 12:50:50,0.134,12071
2010-10-25 16:36:38,0.12,20
2010-10-25 16:38:00,0.111,20
2010-10-25 17:30:43,0.148798,8653.87
2010-10-25 17:45:05,0.15,49.999
2010-10-25 18:45:42,0.12,10
2010-10-25 19:03:22,0.13,12
2010-10-25 20:19:21,0.16,2679
2010-10-25 20:44:19,0.13001,20
2010-10-25 22:01:11,0.14,89
2010-10-25 22:01:30,0.16,10
2010-10-25 22:25:14,0.173441428571429,5000
2010-10-25 22:25:38,0.1875,800
2010-10-25 22:26:01,0.19,50
2010-10-25 22:57:31,0.132,10
2010-10-26 02:09:38,0.133,11.01
2010-10-26 02:22:41,0.14,16
2010-10-26 02:23:03,0.14,0.01
2010-10-26 02:23:53,0.15,10
2010-10-26 02:23:55,0.18,10
2010-10-26 02:52:14,0.144,16.1
2010-10-26 02:52:55,0.144,19.91
2010-10-26 02:57:16,0.18,10
2010-10-26 02:59:05,0.144,10
2010-10-26 04:04:57,0.179,50
2010-10-26 04:06:20,0.179,50
2010-10-26 08:08:38,0.145,20
2010-10-26 11:40:33,0.16,5004
2010-10-26 11:45:38,0.145,530
2010-10-26 12:28:11,0.145,1444
2010-10-26 14:52:47,0.145,2444
2010-10-26 15:28:03,0.15,20
2010-10-26 15:28:58,0.16,10
2010-10-26 16:06:38,0.16,4408
2010-10-26 16:08:22,0.15,20
2010-10-26 16:29:30,0.15,1886.095
2010-10-26 17:43:25,0.16,1000
2010-10-26 19:05:14,0.165,30
2010-10-26 20:29:58,0.167,1780
2010-10-26 21:40:35,0.1503,420
2010-10-27 00:00:38,0.151,10
2010-10-27 00:01:40,0.151,10
2010-10-27 00:03:21,0.151,10
2010-10-27 03:05:49,0.16,424
2010-10-27 03:07:15,0.16,1576
2010-10-27 03:55:33,0.16,50
2010-10-27 04:09:16,0.16,10
2010-10-27 05:48:03,0.16,500
2010-10-27 06:43:35,0.16,150
2010-10-27 06:53:07,0.175,100
2010-10-27 06:54:46,0.175,170
2010-10-27 06:55:10,0.18,1000
2010-10-27 10:04:32,0.17,61
2010-10-27 11:15:05,0.19,2000
2010-10-27 11:29:12,0.165,10000
2010-10-27 11:31:49,0.1605,6471.495
2010-10-27 11:45:53,0.1775,10100
2010-10-27 11:47:59,0.18,250
2010-10-27 12:08:14,0.17,500
2010-10-27 12:08:49,0.17,300
2010-10-27 12:55:20,0.17,100
2010-10-27 13:20:03,0.178,20
2010-10-27 13:20:41,0.178,20
2010-10-27 13:30:46,0.17,80
2010-10-27 13:36:42,0.179,3000
2010-10-27 16:44:22,0.181633333333333,7000
2010-10-27 16:50:43,0.185,1000
2010-10-27 16:56:58,0.185,1976.369
2010-10-27 16:56:59,0.185,0.108
2010-10-27 17:09:09,0.185,5023.523
2010-10-27 17:09:28,0.185,10
2010-10-27 17:10:00,0.185,213
2010-10-27 17:41:03,0.1851,39
2010-10-27 17:44:20,0.1851,100
2010-10-27 18:05:56,0.1851,50
2010-10-27 18:18:14,0.19,1020
2010-10-27 18:19:26,0.1851,4811
2010-10-27 18:29:03,0.18005,1580.377
2010-10-27 18:50:00,0.18509,189
2010-10-27 18:50:24,0.1899,500
2010-10-27 18:50:37,0.1899,11
2010-10-27 19:52:20,0.1889,30
2010-10-27 19:54:40,0.1889,40
2010-10-27 21:37:19,0.184,1000
2010-10-27 21:37:26,0.1879,1000
2010-10-27 21:37:31,0.184,1000
2010-10-27 21:37:34,0.1879,1000
2010-10-27 22:58:16,0.18455,1000
2010-10-27 23:15:03,0.1877,100
2010-10-28 01:48:51,0.1845,323.36
2010-10-28 02:16:00,0.1845,50
2010-10-28 05:02:18,0.18844,8197.5
2010-10-28 05:03:09,0.19,497
2010-10-28 05:13:30,0.19,50.304
2010-10-28 05:13:37,0.19,0.818
2010-10-28 05:13:38,0.19,0.091
2010-10-28 05:13:39,0.19,0.045
2010-10-28 10:55:24,0.185,40
2010-10-28 10:55:39,0.1846,410
2010-10-28 13:21:56,0.1889,1000
2010-10-28 13:25:27,0.18891,880
2010-10-28 14:07:44,0.18891,84.9
2010-10-28 14:19:41,0.18891,1035.1
2010-10-28 15:25:01,0.18889,142.75
2010-10-28 16:41:03,0.1813,50
2010-10-28 17:04:56,0.1813,150
2010-10-28 17:54:31,0.1874,1000
2010-10-28 17:54:45,0.18749,99
2010-10-28 17:55:54,0.189,200
2010-10-28 18:03:59,0.19,40
2010-10-28 18:15:04,0.19001,66.4
2010-10-28 19:41:08,0.190505,1025
2010-10-28 19:48:05,0.19001,0.757
2010-10-28 20:18:36,0.188,1407.843
2010-10-28 20:37:05,0.1816,153.53
2010-10-28 20:51:40,0.1816,1846.47
2010-10-28 20:53:21,0.1816,2108.53
2010-10-28 20:56:49,0.1792,442
2010-10-28 22:59:55,0.1732,3.637
2010-10-28 23:00:50,0.1731,170
2010-10-28 23:58:37,0.1731,50
2010-10-29 02:55:06,0.1799,242
2010-10-29 02:55:31,0.1799,758
2010-10-29 02:55:59,0.18,180
2010-10-29 04:34:11,0.18,189.87
2010-10-29 04:57:50,0.173,10
2010-10-29 05:40:33,0.177,100
2010-10-29 06:46:21,0.18,100
2010-10-29 06:46:34,0.18001,10
2010-10-29 09:35:29,0.1845,248.44
2010-10-29 09:36:41,0.1848,258
2010-10-29 09:36:53,0.184896666666667,500
2010-10-29 09:37:08,0.1849,500
2010-10-29 09:37:14,0.1849,500
2010-10-29 09:37:16,0.1849,500
2010-10-29 09:37:18,0.1849,500
2010-10-29 09:37:19,0.1849,500
2010-10-29 09:37:21,0.1849,500
2010-10-29 09:37:25,0.1849,500
2010-10-29 09:37:27,0.1849,444.54
2010-10-29 09:37:39,0.185,500
2010-10-29 09:37:44,0.185,500
2010-10-29 09:37:51,0.185,20
2010-10-29 11:09:34,0.18759,10
2010-10-29 11:18:26,0.1851,254
2010-10-29 11:51:27,0.1851,290
2010-10-29 13:03:02,0.1875,10
2010-10-29 13:32:55,0.1851,110
2010-10-29 14:15:52,0.188518,9724
2010-10-29 14:18:57,0.1851,0.002
2010-10-29 19:02:29,0.1899,10
2010-10-29 19:28:37,0.1871,10
2010-10-29 19:52:41,0.1871,500
2010-10-29 19:52:46,0.1871,490
2010-10-29 19:53:18,0.187,2500
2010-10-29 20:02:02,0.18709,10
2010-10-29 20:13:59,0.1898,1000
2010-10-29 20:14:16,0.1899,208
2010-10-29 20:15:11,0.19,2000
2010-10-29 20:23:30,0.18981,1000
2010-10-29 20:33:31,0.19,2000
2010-10-29 21:16:27,0.19,1000
2010-10-30 01:07:47,0.1876,219
2010-10-30 01:08:12,0.1875,281
2010-10-30 04:07:12,0.1876,100
2010-10-30 08:47:46,0.1876,900
2010-10-30 09:00:45,0.18759,1100
2010-10-30 14:20:16,0.1898,1000
2010-10-30 14:20:42,0.1899,363
2010-10-30 14:21:28,0.1899,100
2010-10-30 14:21:41,0.1899,100
2010-10-30 14:22:20,0.1899,100
2010-10-30 14:22:24,0.1899,100
2010-10-30 14:22:28,0.1899,100
2010-10-30 14:22:30,0.1899,100
2010-10-30 14:22:32,0.1899,100
2010-10-30 14:22:34,0.1899,100
2010-10-30 14:22:36,0.1899,100
2010-10-30 14:22:38,0.1899,100
2010-10-30 15:46:29,0.18981,363
2010-10-30 16:17:27,0.1919,10
2010-10-30 16:18:23,0.1919,10
2010-10-30 18:40:03,0.1918,500
2010-10-30 21:35:50,0.1930625,8229.04
